@article{Nam2012,
    title = {{'Compact' or 'Sprawl' for sustainable urban form? Measuring the effect on travel behavior in Korea}},
    year = {2012},
    journal = {Annals of Regional Science},
    author = {Nam, Kichan and Lim, Up and Kim, Brian H.S.},
    number = {1},
    pages = {157--173},
    volume = {49},
    doi = {10.1007/s00168-011-0443-7},
    issn = {05701864}
}

@article{Weingart2018,
    title = {{2. Interdisciplinarity: The Paradoxical Discourse}},
    year = {2018},
    journal = {Practising Interdisciplinarity},
    author = {Weingart, Peter},
    pages = {25--42},
    doi = {10.3138/9781442678729-004}
}

@inproceedings{Davidson2020,
    title = {{360-Camera Alignment via Segmentation}},
    year = {2020},
    booktitle = {Lecture Notes in Computer Science (including subseries Lecture Notes in Artificial Intelligence and Lecture Notes in Bioinformatics)},
    author = {Davidson, Benjamin and Alvi, Mohsan S and Henriques, João F.},
    pages = {579--595},
    volume = {12373 LNCS},
    isbn = {9783030586034},
    doi = {10.1007/978-3-030-58604-1{\_}35},
    issn = {16113349}
}

@misc{UnitedNations2018,
    title = {{68{\%} of the world population projected to live in urban areas by 2050}},
    year = {2018},
    author = {{United Nations}},
    url = {https://www.un.org/development/desa/en/news/population/2018-revision-of-world-urbanization-prospects.html}
}

@inproceedings{Fei-Fei2003,
    title = {{A Bayesian approach to unsupervised one-shot learning of object categories}},
    year = {2003},
    booktitle = {Proceedings of the IEEE International Conference on Computer Vision},
    author = {Fei-Fei, Li and Fergus, Rob and Perona, Pietro},
    pages = {1134--1141},
    volume = {2},
    doi = {10.1109/iccv.2003.1238476}
}

@article{Horswill2003,
    title = {{A behavioral comparison between motorcyclists and a matched group of non-motorcycling car drivers: Factors influencing accident risk}},
    year = {2003},
    journal = {Accident Analysis and Prevention},
    author = {Horswill, Mark S. and Helman, Shaun},
    number = {4},
    pages = {589--597},
    volume = {35},
    doi = {10.1016/S0001-4575(02)00039-8},
    issn = {00014575},
    pmid = {12729822},
    keywords = {Driver behavior, Hazard perception, Motorcyclist behavior, Risk taking, Speeding}
}

@book{Motawej2011,
    title = {{A note on artificial intelligence techniques and dissipativity-based approach in traffic signal control for an over-saturated intersection}},
    year = {2011},
    booktitle = {IFAC Proceedings Volumes (IFAC-PapersOnline)},
    author = {Motawej, Fadi and Bouyekhf, Rachid and Moudni, Abdellah E.L.},
    number = {1 PART 1},
    pages = {10721--10726},
    volume = {44},
    publisher = {IFAC},
    url = {http://dx.doi.org/10.3182/20110828-6-IT-1002.01901},
    isbn = {9783902661937},
    doi = {10.3182/20110828-6-IT-1002.01901},
    issn = {14746670},
    keywords = {Dissipative systems theory, Neural networks modeling, Over-saturated intersection, Traffic lights control, Transportation systems}
}

@article{Scott2019,
    title = {{A review of eye-tracking research in tourism}},
    year = {2019},
    journal = {Current Issues in Tourism},
    author = {Scott, Noel and Zhang, Rui and Le, Dung and Moyle, Brent},
    number = {10},
    pages = {1244--1261},
    volume = {22},
    publisher = {Taylor {\&} Francis},
    url = {https://doi.org/10.1080/13683500.2017.1367367},
    doi = {10.1080/13683500.2017.1367367},
    issn = {13683500},
    keywords = {attention, eye-tracking, marketing, tourism}
}

@article{Chen2020,
    title = {{A simple framework for contrastive learning of visual representations}},
    year = {2020},
    journal = {37th International Conference on Machine Learning, ICML 2020},
    author = {Chen, Ting and Kornblith, Simon and Norouzi, Mohammad and Hinton, Geoffrey},
    number = {Figure 1},
    pages = {1575--1585},
    volume = {PartF16814},
    isbn = {9781713821120},
    arxivId = {2002.05709}
}

@article{Geels2012,
    title = {{A socio-technical analysis of low-carbon transitions: introducing the multi-level perspective into transport studies}},
    year = {2012},
    journal = {Journal of Transport Geography},
    author = {Geels, Frank W.},
    pages = {471--482},
    volume = {24},
    publisher = {Elsevier Ltd},
    url = {http://dx.doi.org/10.1016/j.jtrangeo.2012.01.021},
    doi = {10.1016/j.jtrangeo.2012.01.021},
    issn = {09666923},
    keywords = {Low-carbon, Multi-level perspective, Socio-technical transitions, Transport systems}
}

@article{Sharafi2015,
    title = {{A systematic literature review on the usage of eye-tracking in software engineering}},
    year = {2015},
    journal = {Information and Software Technology},
    author = {Sharafi, Zohreh and Soh, Zéphyrin and Gu{\'{e}}h{\'{e}}neuc, Yann Gaël},
    pages = {79--107},
    volume = {67},
    publisher = {Elsevier B.V.},
    url = {http://dx.doi.org/10.1016/j.infsof.2015.06.008},
    doi = {10.1016/j.infsof.2015.06.008},
    issn = {09505849},
    keywords = {Experiment, Eye-tracking, Software engineering}
}

@article{Just1980,
    title = {{A theory of reading: From eye fixations to comprehension}},
    year = {1980},
    journal = {Psychological Review},
    author = {Just, Marcel Adam and Carpenter, Patricia A},
    number = {4},
    pages = {329--354},
    volume = {87},
    doi = {10.1037/0033-295X.87.4.329},
    issn = {0033295X},
    pmid = {7413885},
    keywords = {college students, eye fixations {\&} cognitive processing, model of reading comprehension}
}

@article{Trefzger2018,
    title = {{A visual comparison of gaze behavior from pedestrians and cyclists}},
    year = {2018},
    journal = {Eye Tracking Research and Applications Symposium (ETRA)},
    author = {Trefzger, Mathias and Blascheck, Tanja and Raschke, Michael and Hausmann, Sarah and Schlegel, Thomas},
    isbn = {9781450357067},
    doi = {10.1145/3204493.3204553},
    keywords = {Cyclists, Eye tracking, Multi-model data, Pedestrians, Real-world environment, Traffic situations, Visual analytics}
}

@article{Yu2006,
    title = {{Abduction, Deduction, and Induction: Their implications to quantitative methods}},
    year = {2006},
    journal = {Work},
    author = {Yu, CH H},
    number = {January},
    pages = {812--9743},
    volume = {480}
}

@article{Josephson1995b,
    title = {{Abductive inference: computation, philosophy, technology}},
    year = {1995},
    journal = {Choice Reviews Online},
    author = {Josephson, John R and Josephson, Susan G},
    number = {07},
    pages = {32--3826},
    volume = {32},
    doi = {10.5860/choice.32-3826},
    issn = {0009-4978}
}

@misc{CS2020,
    title = {{About CycleStreets UK}},
    year = {2020},
    author = {{CycleStreets UK}},
    url = {https://www.cyclestreets.net/about/}
}

@incollection{Levine2019,
    title = {{Accessibility as the Foundation for Transport and Land-Use Planning Practice}},
    year = {2019},
    booktitle = {Designing Accessibility Instruments},
    author = {Levine, Jonathan},
    pages = {5--21},
    doi = {10.4324/9781315463612-2}
}

@article{Handy2002,
    title = {{Accessibility- vs. Mobility-Enhancing Strategies for Addressing Automobile Dependence in the U.S.}},
    year = {2002},
    journal = {Institute of Transportation Studies},
    author = {Handy, Susan L.},
    pages = {57--66},
    volume = {Issues in},
    url = {http://escholarship.org/uc/item/8834g64j},
    isbn = {1111600791}
}

@article{Sallis2004,
    title = {{Active transportation and physical activity: Opportunities for collaboration on transportation and public health research}},
    year = {2004},
    journal = {Transportation Research Part A: Policy and Practice},
    author = {Sallis, James F. and Frank, Lawrence D. and Saelens, Brian E. and Kraft, M. Katherine},
    number = {4},
    pages = {249--268},
    volume = {38},
    doi = {10.1016/j.tra.2003.11.003},
    issn = {09658564}
}

@article{Stember1991,
    title = {{Advancing the social sciences through the interdisciplinary enterprise}},
    year = {1991},
    journal = {The Social Science Journal},
    author = {Stember, Marilyn},
    number = {1},
    pages = {1--14},
    volume = {28},
    doi = {10.1016/0362-3319(91)90040-B},
    issn = {03623319}
}

@inproceedings{Zilse2016d,
    title = {{An analysis of applying the short bridge method to digital education}},
    year = {2016},
    booktitle = {Lecture Notes in Computer Science (including subseries Lecture Notes in Artificial Intelligence and Lecture Notes in Bioinformatics)},
    author = {Zilse, Renata and Primo, Tiago and Koch, Fernando and Koster, Andrew},
    isbn = {9783319394824},
    doi = {10.1007/978-3-319-39483-1{\_}9},
    issn = {16113349}
}

@article{Cegovnik2018c,
    title = {{An analysis of the suitability of a low-cost eye tracker for assessing the cognitive load of drivers}},
    year = {2018},
    journal = {Applied Ergonomics},
    author = {{\v{C}}egovnik, Tomaž and Stojmenova, Kristina and Jakus, Grega and Sodnik, Jaka},
    number = {September 2017},
    pages = {1--11},
    volume = {68},
    doi = {10.1016/j.apergo.2017.10.011},
    issn = {18729126},
    pmid = {29409621},
    keywords = {Cognitive load, Driver, Driving simulator, Eye Tribe, Eye tracking, Pupillometry}
}

@article{Kaiser1974,
    title = {{An index of factorial simplicity}},
    year = {1974},
    journal = {Psychometrika},
    author = {Kaiser, Henry F.},
    number = {1},
    pages = {31--36},
    volume = {39},
    doi = {10.1007/BF02291575},
    issn = {00333123}
}

@misc{Dev.TO2018,
    title = {{Anatomy of AWS Lambda}},
    year = {2018},
    author = {{Dev.TO}}
}

@article{Rietveld2013,
    title = {{Appraisal methods for transport policy}},
    year = {2013},
    journal = {The Transport System and Transport Policy},
    author = {Rietveld, Piet},
    pages = {329--352},
    isbn = {9781781952047}
}

@article{Li2017,
    title = {{Assessment of sustainable urban transport development based on entropy and unascertained measure}},
    year = {2017},
    journal = {PLoS ONE},
    author = {Li, Yancang and Yang, Jing and Shi, Huawang and Li, Yijie},
    number = {10},
    pages = {1--9},
    volume = {12},
    isbn = {1111111111},
    doi = {10.1371/journal.pone.0186893},
    issn = {19326203}
}

@techreport{UNESCAP2017,
    title = {{Assessment of Urban Transport Systems}},
    year = {2017},
    author = {{UNESCAP}},
    number = {October 2017},
    pages = {71},
    isbn = {9789213628881}
}

@misc{BicycleDutch2012,
    title = {{Bicycle parking restrictions in the Netherlands}},
    year = {2012},
    author = {{Bicycle Dutch}},
    url = {https://bicycledutch.wordpress.com/2012/04/02/bicycle-parking-restrictions-in-the-netherlands/}
}

@article{Walker2016,
    title = {{Big data and ergonomics methods: A new paradigm for tackling strategic transport safety risks}},
    year = {2016},
    journal = {Applied Ergonomics},
    author = {Walker, Guy and Strathie, Ailsa},
    doi = {10.1016/j.apergo.2015.09.008},
    issn = {18729126},
    keywords = {Big data, Human performance, Leading indicators, Methods}
}

@misc{BingMaps2020,
    title = {{Bing Maps public transit coverage}},
    year = {2020},
    author = {{Bing Maps}},
    url = {https://docs.microsoft.com/en-us/bingmaps/coverage/transit-coverage/}
}

@misc{Wray2020,
    title = {{Bogot{\'{a}} expands bike lanes to curb coronavirus spread}},
    year = {2020},
    booktitle = {Smart Cities World},
    author = {Wray, Sarah},
    pages = {2020},
    url = {https://www.smartcitiesworld.net/news/news/bogota-expands-bike-lanes-overnight-to-curb-coronavirus-spread-5127}
}

@article{Grill2020a,
    title = {{Bootstrap your own latent: A new approach to self-supervised Learning}},
    year = {2020},
    author = {Grill, Jean-Bastien and Strub, Florian and Altch{\'{e}}, Florent and Tallec, Corentin and Richemond, Pierre H. and Buchatskaya, Elena and Doersch, Carl and Pires, Bernardo Avila and Guo, Zhaohan Daniel and Azar, Mohammad Gheshlaghi and Piot, Bilal and Kavukcuoglu, Koray and Munos, Rémi and Valko, Michal},
    volume = {200},
    url = {http://arxiv.org/abs/2006.07733},
    arxivId = {2006.07733}
}

@misc{Galindo2020,
    title = {{Brussels rolls out 40km of cycle paths to ready lockdown phase-out}},
    year = {2020},
    booktitle = {The Brussels Times},
    author = {Galindo, Gabriela},
    month = {4},
    url = {https://www.brusselstimes.com/all-news/belgium-all-news/119840/belgium-in-brief-brussels-gets-homesick/},
    address = {Brussels}
}

@misc{ElMundo2006,
    title = {{Casi 16 minutos diarios para encontrar aparcamiento en Madrid}},
    year = {2006},
    booktitle = {ElMundo.es},
    author = {{Europa Press}},
    month = {5},
    url = {https://www.elmundo.es/elmundo/2006/05/22/madrid/1148313020.html}
}

@article{CBS2015,
    title = {{Centraal Bureau voor de Statistiek}},
    year = {2015},
    journal = {Kwartaalmonitor Groothandel},
    author = {{CBS}},
    pages = {1--5},
    url = {https://www.cbs.nl/nl-nl/achtergrond/2016/10/monitor-groothandel-vierde-kwartaal-2015}
}

@article{Mueller2020,
    title = {{Changing the urban design of cities for health: The superblock model}},
    year = {2020},
    journal = {Environment International},
    author = {Mueller, Natalie and Rojas-Rueda, David and Khreis, Haneen and Cirach, Marta and Andr{\'{e}}s, David and Ballester, Joan and Bartoll, Xavier and Daher, Carolyn and Deluca, Anna and Echave, Cynthia and Mil{\`{a}}, Carles and M{\'{a}}rquez, Sandra and Palou, Joan and P{\'{e}}rez, Katherine and Tonne, Cathryn and Stevenson, Mark and Rueda, Salvador and Nieuwenhuijsen, Mark},
    number = {September 2019},
    pages = {105132},
    volume = {134},
    publisher = {Elsevier},
    url = {https://doi.org/10.1016/j.envint.2019.105132},
    doi = {10.1016/j.envint.2019.105132},
    issn = {18736750},
    keywords = {Active transport, Health impact assessment, Public space, Sustainability, Transport planning, Urban planning}
}

@article{Mueller2020a,
    title = {{Changing the urban design of cities for health: The superblock model}},
    year = {2020},
    journal = {Environment International},
    author = {Mueller, Natalie and Rojas-Rueda, David and Khreis, Haneen and Cirach, Marta and Andr{\'{e}}s, David and Ballester, Joan and Bartoll, Xavier and Daher, Carolyn and Deluca, Anna and Echave, Cynthia and Mil{\`{a}}, Carles and M{\'{a}}rquez, Sandra and Palou, Joan and P{\'{e}}rez, Katherine and Tonne, Cathryn and Stevenson, Mark and Rueda, Salvador and Nieuwenhuijsen, Mark},
    number = {August 2019},
    pages = {105132},
    volume = {134},
    publisher = {Elsevier},
    url = {https://doi.org/10.1016/j.envint.2019.105132},
    doi = {10.1016/j.envint.2019.105132},
    issn = {18736750},
    pmid = {31515043},
    keywords = {Active transport, Health impact assessment, Public space, Sustainability, Transport planning, Urban planning}
}

@article{CiscoPublic2016,
    title = {{Cisco Global Cloud Index: Forecast and Methodology, 2015–2020}},
    year = {2016},
    author = {{Cisco Public}},
    pages = {2015--2020},
    url = {http://www.cisco.com/c/dam/en/us/solutions/collateral/service-provider/global-cloud-index-gci/white-paper-c11-738085.pdf}
}

@book{IPCC2014,
    title = {{Climate Change 2014 Mitigation of Climate Change}},
    year = {2014},
    booktitle = {Climate Change 2014 Mitigation of Climate Change},
    author = {{IPCC}},
    doi = {10.1017/cbo9781107415416}
}

@article{DeGeus2009,
    title = {{Commuter cycling: Effect on physical performance in untrained men and women in Flanders: Minimum dose to improve indexes of fitness}},
    year = {2009},
    journal = {Scandinavian Journal of Medicine and Science in Sports},
    author = {De Geus, B. and Joncheere, J. and Meeusen, R.},
    number = {2},
    pages = {179--187},
    volume = {19},
    doi = {10.1111/j.1600-0838.2008.00776.x},
    issn = {09057188},
    pmid = {18282219},
    keywords = {Cycling to work, Dose-response, Health, Intervention, Physical activity, Physical performance, Unsupervised}
}

@article{Dupont2016,
    title = {{Comparing saliency maps and eye-tracking focus maps: The potential use in visual impact assessment based on landscape photographs}},
    year = {2016},
    journal = {Landscape and Urban Planning},
    author = {Dupont, Lien and Ooms, Kristien and Antrop, Marc and Van Eetvelde, Veerle},
    pages = {17--26},
    volume = {148},
    publisher = {Elsevier B.V.},
    url = {http://dx.doi.org/10.1016/j.landurbplan.2015.12.007},
    doi = {10.1016/j.landurbplan.2015.12.007},
    issn = {01692046},
    keywords = {Correlation analysis, Landscape design, Urbanisation, Viewing pattern, Visual conspicuity, Visual landscape integration}
}

@article{Oldenziel2011,
    title = {{Contested Spaces}},
    year = {2011},
    journal = {Transfers},
    author = {Oldenziel, Ruth and Albert de la Bruh{\`{e}}ze, Adri},
    number = {2},
    pages = {29--49},
    volume = {1},
    doi = {10.3167/trans.2011.010203},
    issn = {2045-4813}
}

@misc{GullifordFred2020,
    title = {{Creating 'Mini Holland' in Waltham Forest}},
    year = {2020},
    booktitle = {Commonplace.is},
    author = {{Gulliford; Fred}},
    url = {https://www.commonplace.is/customer-stories/creating-mini-holland-in-waltham-forest}
}

@misc{StatisticsSolutions,
    title = {{Cronbach’s Alpha}},
    author = {{StatisticsSolutions}},
    url = {https://www.statisticssolutions.com/cronbachs-alpha/}
}

@techreport{VanEck2011,
    title = {{CT1720 Ruimtelijke Ordening}},
    year = {2011},
    author = {van Eck, P.}
}

@techreport{IRAP2018,
    title = {{CycleRAP Research and Validation - Deliverable 1: Inception Report and Preliminary Review}},
    year = {2018},
    author = {{iRAP}},
    pages = {14},
    url = {https://www.anwb.nl/binaries/content/assets/anwb/pdf/belangenbehartiging/cyclerap/cyclerap-rd_inception-report_280319.pdf},
    institution = {iRAP},
    address = {Hampshire}
}

@misc{Walker2020,
    title = {{Cycling ambitions for England move up a gear with No 10 plans}},
    year = {2020},
    booktitle = {The Guardian},
    author = {Walker, Peter},
    month = {7},
    url = {https://www.theguardian.com/politics/2020/jul/27/cycling-ambitions-for-england-move-up-a-gear-with-no-10-plans},
    address = {London}
}

@article{Pucher2011,
    title = {{Cycling down under: A comparative analysis of bicycling trends and policies in Sydney and Melbourne}},
    year = {2011},
    journal = {Journal of Transport Geography},
    author = {Pucher, John and Garrard, Jan and Greaves, Stephen},
    number = {2},
    pages = {332--345},
    volume = {19},
    publisher = {Elsevier Ltd},
    url = {http://dx.doi.org/10.1016/j.jtrangeo.2010.02.007},
    isbn = {7329322253},
    doi = {10.1016/j.jtrangeo.2010.02.007},
    issn = {09666923},
    keywords = {Active travel, Australia, Bicycling, Policy, Sustainability, Urban transport}
}

@article{DeGeus2016,
    title = {{Cycling for transport, physical activity and health: What about pedelecs?}},
    year = {2016},
    journal = {Cycling Futures: From Research into Practice},
    author = {De Geus, Bas and Hendriksen, Ingrid},
    number = {January},
    pages = {17--31},
    isbn = {9781317155119},
    doi = {10.4324/9781315575742-9}
}

@misc{Thibault2020,
    title = {{Cycling Gets A Lift From the Coronavirus}},
    year = {2020},
    booktitle = {Oliver Whyman Forum},
    author = {Thibault, Guillaume},
    pages = {1--4},
    url = {https://www.oliverwymanforum.com/mobility/2020/mar/cycling-gets-a-lift-from-the-coronavirus.html}
}

@book{Dekoster1999,
    title = {{Cycling: the way ahead for towns and cities}},
    year = {1999},
    booktitle = {Reproduction},
    author = {Dekoster, J. and Schollaert, U.},
    pages = {63},
    volume = {6},
    isbn = {9282857247},
    doi = {10.1038/5000250},
    issn = {0093-7355},
    pmid = {12966442},
    keywords = {Cycling: the way ahead for towns and cities}
}

@article{Mantuano2017a,
    title = {{Cyclist gaze behavior in urban space: An eye-tracking experiment on the bicycle network of Bologna}},
    year = {2017},
    journal = {Case Studies on Transport Policy},
    author = {Mantuano, Alessandra and Bernardi, Silvia and Rupi, Federico},
    number = {2},
    pages = {408--416},
    volume = {5},
    publisher = {World Conference on Transport Research Society},
    url = {http://dx.doi.org/10.1016/j.cstp.2016.06.001},
    doi = {10.1016/j.cstp.2016.06.001},
    issn = {22136258},
    keywords = {Cyclist, Eye-tracking, Gaze-behavior}
}

@article{Romanillos2020,
    title = {{Cyclists do better. Analyzing urban cycling operating speeds and accessibility}},
    year = {2020},
    journal = {International Journal of Sustainable Transportation},
    author = {Romanillos, Gustavo and Guti{\'{e}}rrez, Javier},
    number = {6},
    pages = {448--464},
    volume = {14},
    publisher = {Taylor {\&} Francis},
    url = {https://doi.org/10.1080/15568318.2019.1575493},
    doi = {10.1080/15568318.2019.1575493},
    issn = {15568334},
    keywords = {Cycling, accessibility, bike mobility, speed, transport competitiveness}
}

@article{Kovacsova2018,
    title = {{Cyclists’ eye movements and crossing judgments at uncontrolled intersections: An eye-tracking study using animated video clips}},
    year = {2018},
    journal = {Accident Analysis and Prevention},
    author = {Kov{\'{a}}csov{\'{a}}, N. and Cabrall, C. D.D. and Antonisse, S. J. and de Haan, T. and van Namen, R. and Nooren, J. L. and Schreurs, R. and Hagenzieker, M. P. and de Winter, J. C.F.},
    number = {July},
    pages = {270--280},
    volume = {120},
    publisher = {Elsevier},
    url = {https://doi.org/10.1016/j.aap.2018.08.024},
    doi = {10.1016/j.aap.2018.08.024},
    issn = {00014575},
    pmid = {30176523},
    keywords = {Bicycle-car interaction, Crossing judgment, Cycling safety, Eye movements, Hazard anticipation}
}

@article{Dubey2007,
    title = {{Delivering software as a service}},
    year = {2007},
    journal = {The McKinsey Quarterly},
    author = {Dubey, Abhijit and Wagle, Dilip},
    number = {2007},
    pages = {2007},
    volume = {6}
}

@book{Florczyk2019a,
    title = {{Description of the GHS Urban Centre Database 2015}},
    year = {2019},
    author = {Florczyk, A J and Melchiorri, M. and Orbane, C and Schiavina, M and Maffenini, M and Politis, P and Sabo, S and Freire, S and Ehrlich, D and Kemper, T and Tommasi, P and Airaghi, D and Zanchetta, L},
    pages = {79},
    url = {http://publications.jrc.ec.europa.eu/repository/handle/JRC115586},
    isbn = {9789279997532},
    doi = {10.2760/037310}
}

@misc{Walker2020a,
    title = {{Despite a loud opposing minority, low-traffic neighbourhoods are increasingly popular}},
    year = {2020},
    booktitle = {The Guardian},
    author = {Walker, Peter},
    month = {10},
    url = {How have Low Traffic Neighbourhoods ignited a culture war on Twitter?},
    address = {London}
}

@article{Altintasi2017,
    title = {{Detection of urban traffic patterns from Floating Car Data (FCD)}},
    year = {2017},
    journal = {Transportation Research Procedia},
    author = {Altintasi, Oruc and Tuydes-Yaman, Hediye and Tuncay, Kagan},
    pages = {382--391},
    volume = {22},
    publisher = {Elsevier B.V.},
    url = {http://dx.doi.org/10.1016/j.trpro.2017.03.057},
    doi = {10.1016/j.trpro.2017.03.057},
    issn = {23521465},
    keywords = {Congestion detection, Statistical Analysis, Traffic pattern, Traffic state estimation}
}

@article{Guthrie2016b,
    title = {{Developers' perspectives on transit-oriented development}},
    year = {2016},
    journal = {Transport Policy},
    author = {Guthrie, Andrew and Fan, Yingling},
    month = {10},
    pages = {103--114},
    volume = {51},
    publisher = {Elsevier Ltd},
    doi = {10.1016/j.tranpol.2016.04.002},
    issn = {1879310X},
    keywords = {Affordable housing, Content analysis, Regional planning, Sustainable growth, Transit oriented development, Transit planning}
}

@techreport{GudmundssonH.Regmi2018,
    title = {{Developing Sustainable Urban Transport Index ,}},
    year = {2018},
    author = {Gudmundsson, H.; Regmi, M.},
    number = {December 2017}
}

@article{Gudmundsson2017,
    title = {{Developing the Sustainable Urban Transport Index}},
    year = {2017},
    journal = {Transport and Communications Bulletin for Asia and the Pacific},
    author = {Gudmundsson, Henrik and Regmi, Madan B},
    number = {December 2017},
    pages = {35--53},
    volume = {87},
    url = {https://www.unescap.org/sites/default/files/publications/bulletin87_Fulltext.pdf#page=43},
    keywords = {asian cities, assessment, policies, sustainable urban transport index, urban transport}
}

@article{Cairns2002,
    title = {{Disappearing traffic? The story so far}},
    year = {2002},
    journal = {Proceedings of the Institution of Civil Engineers: Municipal Engineer},
    author = {Cairns, S. and Atkins, S. and Goodwin, P. and Bayliss, D.},
    number = {1},
    pages = {13--22},
    volume = {151},
    doi = {10.1680/muen.2002.151.1.13},
    issn = {09650903},
    keywords = {Town and city planning, Transport planning, Urban environment}
}

@book{Glaser2017a,
    title = {{Discovery of grounded theory: Strategies for qualitative research}},
    year = {2017},
    booktitle = {Discovery of Grounded Theory: Strategies for Qualitative Research},
    author = {Glaser, Barney G. and Strauss, Anselm L.},
    pages = {1--271},
    isbn = {9780203793206},
    doi = {10.4324/9780203793206}
}

@article{Low2004,
    title = {{Distinctive image features from scale-invariant keypoints}},
    year = {2004},
    journal = {International Journal of Computer Vision},
    author = {Low, David G},
    pages = {91--110},
    url = {https://www.cs.ubc.ca/~lowe/papers/ijcv04.pdf}
}

@article{Mouter2017,
    title = {{Do individuals have different preferences as consumer and citizen? The trade-off between travel time and safety}},
    year = {2017},
    journal = {Transportation Research Part A: Policy and Practice},
    author = {Mouter, Niek and van Cranenburgh, Sander and van Wee, Bert},
    number = {September 2016},
    pages = {333--349},
    volume = {106},
    publisher = {Elsevier},
    url = {http://dx.doi.org/10.1016/j.tra.2017.10.003},
    doi = {10.1016/j.tra.2017.10.003},
    issn = {09658564}
}

@article{DeHartog2010,
    title = {{Do the health benefits of cycling outweigh the risks?}},
    year = {2010},
    journal = {Environmental Health Perspectives},
    author = {de Hartog, Jeroen Johan and Boogaard, Hanna and Nijland, Hans and Hoek, Gerard},
    number = {8},
    pages = {1109--1116},
    volume = {118},
    doi = {10.1289/ehp.0901747},
    issn = {00916765},
    pmid = {20587380},
    keywords = {Air pollution, Biking, Cycling, Life table analysis, Modal shift, Physical activity, Traffic accidents}
}

@article{Goddard2019,
    title = {{Does news coverage of traffic crashes affect perceived blame and preferred solutions? Evidence from an experiment}},
    year = {2019},
    journal = {Transportation Research Interdisciplinary Perspectives},
    author = {Goddard, Tara and Ralph, Kelcie and Thigpen, Calvin G. and Iacobucci, Evan},
    pages = {100073},
    volume = {3},
    publisher = {The Authors},
    url = {https://doi.org/10.1016/j.trip.2019.100073},
    doi = {10.1016/j.trip.2019.100073},
    issn = {25901982}
}

@article{Pearson2009,
    title = {{Don ' t shoot the messengers}},
    year = {2009},
    journal = {Media},
    author = {Pearson, Sarah},
    pages = {2--5},
    isbn = {978-0553380392}
}

@article{Kohl2020,
    title = {{Driver glance behavior towards displayed images on in-vehicle information systems under real driving conditions}},
    year = {2020},
    journal = {Transportation Research Part F: Traffic Psychology and Behaviour},
    author = {Kohl, Julia and Gross, Alice and Henning, Matthias and Baumgarten, Thorb},
    pages = {163--174},
    volume = {70},
    publisher = {Elsevier Ltd},
    url = {https://doi.org/10.1016/j.trf.2020.01.017},
    doi = {10.1016/j.trf.2020.01.017},
    issn = {13698478},
    keywords = {Driver distraction, Glance behavior, Real-world driving}
}

@article{Liu2011,
    title = {{Driver's visual cognition behaviors of traffic signs based on eye movement parameters}},
    year = {2011},
    journal = {Jiaotong Yunshu Xitong Gongcheng Yu Xinxi/Journal of Transportation Systems Engineering and Information Technology},
    author = {Liu, Bo Hua and Sun, Li Shan and Rong, Jian},
    number = {4},
    pages = {22--27},
    volume = {11},
    publisher = {China Association for Science and Technology},
    url = {http://dx.doi.org/10.1016/S1570-6672(10)60129-8},
    doi = {10.1016/s1570-6672(10)60129-8},
    issn = {10096744},
    keywords = {Cluster analysis, Dynamic simulation, Eye tracker, Information volume, Traffic engineering, Visual cognition behavior}
}

@article{Hou2019,
    title = {{Drivers' Braking Behaviors in Different Motion Patterns of Vehicle-Bicycle Conflicts}},
    year = {2019},
    journal = {Journal of Advanced Transportation},
    author = {Hou, Lian and Duan, Jingliang and Wang, Wenjun and Li, Renjie and Li, Guofa and Cheng, Bo},
    volume = {2019},
    doi = {10.1155/2019/4023970},
    issn = {20423195}
}

@article{Chaniotakis2015b,
    title = {{Drivers’ parking location choice under uncertain parking availability and search times: A stated preference experiment}},
    year = {2015},
    journal = {Transportation Research Part A: Policy and Practice},
    author = {Chaniotakis, Emmanouil and Pel, Adam J},
    pages = {228--239},
    volume = {82},
    url = {http://www.sciencedirect.com/science/article/pii/S0965856415002542},
    doi = {https://doi.org/10.1016/j.tra.2015.10.004},
    issn = {0965-8564},
    keywords = {Choice behaviour, Choice factors, Parking, Parking uncertainty, Stated preference}
}

@article{Lehtonen2014,
    title = {{Effect of driving experience on anticipatory look-ahead fixations in real curve driving}},
    year = {2014},
    journal = {Accident Analysis and Prevention},
    author = {Lehtonen, Esko and Lappi, Otto and Koirikivi, Iivo and Summala, Heikki},
    pages = {195--208},
    volume = {70},
    publisher = {Elsevier Ltd},
    url = {http://dx.doi.org/10.1016/j.aap.2014.04.002},
    doi = {10.1016/j.aap.2014.04.002},
    issn = {00014575},
    pmid = {24816081},
    keywords = {Anticipation, Driving experience, Hierarchical control, Real driving, Steering, Visual attention}
}

@article{Reyes2008,
    title = {{Effects of cognitive load presence and duration on driver eye movements and event detection performance}},
    year = {2008},
    journal = {Transportation Research Part F: Traffic Psychology and Behaviour},
    author = {Reyes, Michelle L. and Lee, John D.},
    number = {6},
    pages = {391--402},
    volume = {11},
    publisher = {Elsevier Ltd},
    url = {http://dx.doi.org/10.1016/j.trf.2008.03.004},
    doi = {10.1016/j.trf.2008.03.004},
    issn = {13698478},
    keywords = {Cognitive distraction, Driver distraction, In-vehicle information systems, Reaction time}
}

@incollection{HollanderJustinB.Sussman,
    title = {{EMERGING TRANSPORT FUTURES FOR STREETS AND HOW EYE TRACKING CAN HELP IMPROVE SAFETY AMD DESIGN}},
    year = {2020},
    booktitle = {Urban Experience and Design: Contemporary Perspectives on Improving the Public Realm},
    author = {Krizek, Kevin J. and Otten, Bert and Rupi, Federico},
    pages = {140--144},
    isbn = {9781000178357},
    doi = {10.4324/9780367435585}
}

@article{Glastra,
    title = {{Enabling GLOSA for on-street operating traffic light controllers}},
    author = {Glastra, Thom}
}

@article{VandeWalle2004,
    title = {{Estimating effect of time-related factors on transit use with a large-scale mobility survey and transit information}},
    year = {2004},
    journal = {Transportation Research Record},
    author = {Vande Walle, Stefaan and Steenberghen, Therese},
    number = {1895},
    pages = {64--71},
    doi = {10.3141/1895-09},
    issn = {03611981}
}

@article{Wang2011,
    title = {{Estimating O-D travel time matrix by Google Maps API: Implementation, advantages, and implications}},
    year = {2011},
    journal = {Annals of GIS},
    author = {Wang, Fahui and Xu, Yanqing},
    number = {4},
    pages = {199--209},
    volume = {17},
    doi = {10.1080/19475683.2011.625977},
    issn = {19475683},
    keywords = {Google Maps API, O-D travel time matrix, network analysis, spatial analysis}
}

@article{Vila1990,
    title = {{Estrategias cognitivas en la competencia pluriling{\"{u}}e}},
    year = {1990},
    author = {Vil{\`{a}}, Anna Escofet},
    pages = {388--399}
}

@techreport{ERSO2020,
    title = {{European Road Safety Observatory: Facts and Figures - Cyclists}},
    year = {2020},
    author = {{ERSO}},
    number = {20206},
    pages = {1--23}
}

@article{Lehtonen2016,
    title = {{Evaluating bicyclists’ risk perception using video clips: Comparison of frequent and infrequent city cyclists}},
    year = {2016},
    journal = {Transportation Research Part F: Traffic Psychology and Behaviour},
    author = {Lehtonen, Esko and Havia, Ville and Kovanen, Anna and Leminen, Miika and Saure, Emma},
    pages = {195--203},
    volume = {41},
    publisher = {Elsevier Ltd},
    url = {http://dx.doi.org/10.1016/j.trf.2015.04.006},
    doi = {10.1016/j.trf.2015.04.006},
    issn = {13698478},
    keywords = {Bicyclist, Cycling experience, Hazard perception, Risk perception, Vulnerable road users}
}

@article{Chen2020a,
    title = {{Exploring Simple Siamese Representation Learning}},
    year = {2020},
    author = {Chen, Xinlei and He, Kaiming},
    number = {Figure 1},
    url = {http://arxiv.org/abs/2011.10566},
    arxivId = {2011.10566}
}

@article{Nikolaeva2020,
    title = {{Exploring velotopian urban imaginaries: where Le Corbusier meets Constant?}},
    year = {2020},
    journal = {Mobilities},
    author = {Nikolaeva, Anna and Nello-Deakin, Samuel},
    number = {3},
    pages = {309--324},
    volume = {15},
    publisher = {Routledge},
    url = {https://doi.org/10.1080/17450101.2019.1694300},
    doi = {10.1080/17450101.2019.1694300},
    issn = {1745011X},
    keywords = {Constant, Le Corbusier, Velotopia, cycling innovations, mobility futures, urban imaginaries, utopia}
}

@article{Yadav2017,
    title = {{Extraction of road surface from mobile LiDAR data of complex road environment}},
    year = {2017},
    journal = {International Journal of Remote Sensing},
    author = {Yadav, Manohar and Singh, Ajai Kumar and Lohani, Bharat},
    number = {16},
    pages = {4645--4672},
    volume = {38},
    publisher = {Taylor {\&} Francis},
    url = {https://doi.org/10.1080/01431161.2017.1320451},
    doi = {10.1080/01431161.2017.1320451},
    issn = {13665901}
}

@book{Duchowski2007,
    title = {{Eye tracking methodology: Theory and practice}},
    year = {2007},
    booktitle = {Eye Tracking Methodology: Theory and Practice},
    author = {Duchowski, Andrew},
    pages = {1--328},
    isbn = {9781846286087},
    doi = {10.1007/978-1-84628-609-4}
}

@book{VanGompel2007,
    title = {{Eye-movement research: An overview of current and past developments}},
    year = {2007},
    booktitle = {Eye Movements: A window on Mind and Brain},
    author = {van Gompel, Roger PG and Fischer, Martin H and Murray, Wayne S and Hill, Robin L},
    pages = {1--28},
    url = {http://marefateadyan.nashriyat.ir/node/150},
    doi = {https://doi.org/10.1016/B978-008044980-7/50003-3},
    keywords = {گناه ذاتي، سقوط، حضرت آدم(ع)، آگوستين، پلاگيوس.}
}

@article{Chiou2015,
    title = {{Factors affecting public transportation usage rate: Geographically weighted regression}},
    year = {2015},
    journal = {Transportation Research Part A: Policy and Practice},
    author = {Chiou, Yu Chiun and Jou, Rong Chang and Yang, Cheng Han},
    pages = {161--177},
    volume = {78},
    publisher = {Elsevier Ltd},
    url = {http://dx.doi.org/10.1016/j.tra.2015.05.016},
    doi = {10.1016/j.tra.2015.05.016},
    issn = {09658564},
    keywords = {Geographically weighted regression, Public transportation usage rate, Spatial autocorrelation, Tobit regression}
}

@misc{OpenCV2020,
    title = {{FAST Algorithm for Corner Detection}},
    year = {2020},
    author = {{OpenCV}},
    url = {https://opencv-python-tutroals.readthedocs.io/en/latest/py_tutorials/py_feature2d/py_fast/py_fast.html}
}

@techreport{Fietsersbond2011,
    title = {{Fietsparkeren in het Nieuwe Stationsgebied}},
    year = {2011},
    author = {Terpstra, Marjolein and Embden, Jan van and Glas, Ria},
    url = {http://media.fietsersbond.nl.s3.amazonaws.com/documenten/Rapport Fietsparkeren in het Nieuwe Stationsgebied.pdf},
    institution = {Fietsersbond Afdeling Utrecht}
}

@misc{Whiting2020,
    title = {{France ’ s plan to push pedal power to keep post- pandemic pollution levels low}},
    year = {2020},
    booktitle = {World Economic Forum},
    author = {Whiting, Kate},
    pages = {2020},
    url = {https://www.weforum.org/agenda/2020/05/france-air-pollution-cycling-public-transport-bike-coronavirus/}
}

@misc{Priestley2019,
    title = {{FRANCIS ROAD, HEALTHY STREET OF THE YEAR 2018}},
    year = {2019},
    author = {Priestley, Amy},
    url = {http://www.urbanmovement.co.uk/thoughts/francis-road-healthy-street-of-the-year-2018}
}

@misc{GeoFabrik2018,
    title = {{GeoFabrik}},
    year = {2018},
    author = {{Geofabrik}},
    url = {https://download.geofabrik.de}
}

@article{Rashidan2016,
    title = {{Geopackage data format for collaborative mapping of geospatial data in limited network environments}},
    year = {2016},
    journal = {International Archives of the Photogrammetry, Remote Sensing and Spatial Information Sciences - ISPRS Archives},
    author = {Rashidan, M. H. and Musliman, I. A. and Rahman, A. A.},
    number = {4W1},
    pages = {15--21},
    volume = {42},
    doi = {10.5194/isprs-archives-XLII-4-W1-15-2016},
    issn = {16821750},
    keywords = {Collaborative Mapping, Field Data Collector, GeoPackage, Mobile GIS}
}

@misc{OpenGeospatialConsortium2020,
    title = {{GeoPackage Encoding Standard}},
    year = {2020},
    author = {{Open Geospatial Consortium}},
    url = {https://www.ogc.org/standards/geopackage}
}

@article{Jones2012,
    title = {{Getting the British back on bicycles-The effects of urban traffic-free paths on everyday cycling}},
    year = {2012},
    journal = {Transport Policy},
    author = {Jones, Tim},
    pages = {138--149},
    volume = {20},
    publisher = {Elsevier},
    url = {http://dx.doi.org/10.1016/j.tranpol.2012.01.014},
    doi = {10.1016/j.tranpol.2012.01.014},
    issn = {0967070X},
    keywords = {Cycling, National cycle network, Traffic-free paths}
}

@article{Florczyk2019,
    title = {{GHSL Data Package 2019 Public release}},
    year = {2019},
    author = {Florczyk, A J and Corbane, C and Ehrlich, D and Freire, S and Kemper, T and Maffenini, L and Melchiorri, M and Politis, P and Schiavina, M and Sabo, F and Zanchetta, L},
    isbn = {9789276087250},
    doi = {10.2760/062975}
}

@article{Faghih-Imani2017a,
    title = {{Hail a cab or ride a bike? A travel time comparison of taxi and bicycle-sharing systems in New York City}},
    year = {2017},
    journal = {Transportation Research Part A: Policy and Practice},
    author = {Faghih-Imani, Ahmadreza and Anowar, Sabreena and Miller, Eric J. and Eluru, Naveen},
    number = {November},
    pages = {11--21},
    volume = {101},
    doi = {10.1016/j.tra.2017.05.006},
    issn = {09658564},
    keywords = {Bicycle sharing systems, CitiBike New York, Panel mixed multinomial logit model, Taxi, Travel time}
}

@article{Bourne2018,
    title = {{Health benefits of electrically-assisted cycling: A systematic review}},
    year = {2018},
    journal = {International Journal of Behavioral Nutrition and Physical Activity},
    author = {Bourne, Jessica E. and Sauchelli, Sarah and Perry, Rachel and Page, Angie and Leary, Sam and England, Clare and Cooper, Ashley R.},
    number = {1},
    volume = {15},
    doi = {10.1186/s12966-018-0751-8},
    issn = {14795868},
    pmid = {30463581},
    keywords = {E-bike, Electrically-assisted bicycle, Health, Physical activity}
}

@misc{Doyle2011,
    title = {{Healthy lives, healthy transport}},
    year = {2011},
    booktitle = {Journal of Public Health},
    author = {{British Medical Association}},
    number = {2},
    pages = {172},
    volume = {33},
    isbn = {9781905545636},
    doi = {10.1093/pubmed/fdr036},
    issn = {17413842},
    pmid = {21610132}
}

@misc{HereMaps2020,
    title = {{Here Maps API Documentation}},
    year = {2020},
    author = {{Here Maps}},
    url = {https://developer.here.com/develop/rest-apis}
}

@unpublished{VansteenkistePieterCardonGreetPhillippaertsRenaatLenoir,
    title = {{High quality bicycle tracks result in more efficient visual search patterns during cycling}},
    year = {2012},
    author = {Vansteenkiste, Pieter and Cardon, Greet and Philippaerts, Renaat and Lenoir, Matthieu},
    pages = {35}
}

@article{Hansen1959,
    title = {{How Accessibility Shapes Land Use}},
    year = {1959},
    journal = {Journal of the American Planning Association},
    author = {Hansen, Walter G.},
    number = {2},
    pages = {73--76},
    volume = {25},
    doi = {10.1080/01944365908978307},
    issn = {01944363}
}

@misc{Tidey2020,
    title = {{How have Low Traffic Neighbourhoods ignited a culture war on Twitter?}},
    year = {2020},
    booktitle = {Medium},
    author = {Tidey, Jimmy},
    url = {https://jimmytidey.medium.com/how-have-low-traffic-neighbourhoods-ignited-a-culture-war-on-twitter-676338205084}
}

@article{Bongiorno2017a,
    title = {{How is the Driver's Workload Influenced by the Road Environment?}},
    year = {2017},
    journal = {Procedia Engineering},
    author = {Bongiorno, Nicola and Bosurgi, Gaetano and Pellegrino, Orazio and Sollazzo, Giuseppe},
    pages = {5--13},
    volume = {187},
    publisher = {The Author(s)},
    url = {http://dx.doi.org/10.1016/j.proeng.2017.04.343},
    doi = {10.1016/j.proeng.2017.04.343},
    issn = {18777058},
    keywords = {galvanic skin response, road context, visual behaviour, workload}
}

@misc{Gatten2020,
    title = {{How our towns and cities could be permanently changed by coronavirus}},
    year = {2020},
    booktitle = {The Telegraph},
    author = {Gatten, By Emma},
    number = {May 2020},
    pages = {1--10},
    url = {https://www.telegraph.co.uk/news/2020/05/08/towns-cities-could-permanently-changed-coronavirus/}
}

@article{Whitmarsh2012,
    title = {{How useful is the Multi-Level Perspective for transport and sustainability research?}},
    year = {2012},
    journal = {Journal of Transport Geography},
    author = {Whitmarsh, Lorraine},
    pages = {483--487},
    volume = {24},
    publisher = {Elsevier Ltd},
    url = {http://dx.doi.org/10.1016/j.jtrangeo.2012.01.022},
    doi = {10.1016/j.jtrangeo.2012.01.022},
    issn = {09666923},
    keywords = {Behaviour, Multi-Level Perspective, Socio-technical transitions, Sustainable transport, Wellbeing}
}

@misc{WBWire2020,
    title = {{Huge cycling and electric transport initiatives in daily brie fi ng – public transport will only have a tenth of its capacity}},
    year = {2020},
    booktitle = {West Bridgford Wire},
    author = {{WBWire}},
    number = {May},
    pages = {1--8},
    url = {https://westbridgfordwire.com/huge-cycling-and-electric-transport-initiatives-in-daily-briefing-public-transport-will-only-have-a-tenth-of-its-capacity/}
}

@misc{Haines2020,
    title = {{Image for London to be ‘overhauled’ to boost walking and cycling after lockdown}},
    year = {2020},
    booktitle = {Positive.News},
    author = {Haines, Gavin},
    pages = {1--12},
    volume = {45},
    url = {https://www.positive.news/environment/londons-streets-to-be-overhauled-to-boost-walking-and-cycling/}
}

@article{Aldred2019,
    title = {{Impacts of an active travel intervention with a cycling focus in a suburban context: One-year findings from an evaluation of London's in-progress mini-Hollands programme}},
    year = {2019},
    journal = {Transportation Research Part A: Policy and Practice},
    author = {Aldred, Rachel and Croft, Joseph and Goodman, Anna},
    number = {June 2018},
    pages = {147--169},
    volume = {123},
    publisher = {Elsevier},
    url = {https://doi.org/10.1016/j.tra.2018.05.018},
    doi = {10.1016/j.tra.2018.05.018},
    issn = {09658564}
}

@article{Aldred2019b,
    title = {{Impacts of an active travel intervention with a cycling focus in a suburban context: One-year findings from an evaluation of London's in-progress mini-Hollands programme}},
    year = {2019},
    journal = {Transportation Research Part A: Policy and Practice},
    author = {Aldred, Rachel and Croft, Joseph and Goodman, Anna},
    number = {June 2018},
    pages = {147--169},
    volume = {123},
    publisher = {Elsevier},
    url = {https://doi.org/10.1016/j.tra.2018.05.018},
    doi = {10.1016/j.tra.2018.05.018},
    issn = {09658564}
}

@article{Fabriek2012,
    title = {{Improving the visibility of bicycle infrastructure}},
    year = {2012},
    journal = {International Journal of Human Factors and Ergonomics},
    author = {Fabriek, Eva and Waard, Dick De and Schepers, J. Paul},
    number = {1},
    pages = {98},
    volume = {1},
    doi = {10.1504/ijhfe.2012.045274},
    issn = {2045-7804}
}

@article{Pinder2002,
    title = {{In defence of Utopian urbanism: Imagining cities after the 'end of Utopia'}},
    year = {2002},
    journal = {Geografiska Annaler, Series B: Human Geography},
    author = {Pinder, David},
    number = {3-4},
    pages = {229--241},
    volume = {84},
    doi = {10.1111/j.0435-3684.2002.00126.x},
    issn = {04353684}
}

@article{Nickpour2012,
    title = {{Inclusive bus travel - A psychosocial approach}},
    year = {2012},
    journal = {Designing Inclusive Systems: Designing Inclusion for Real-World Applications},
    author = {Nickpour, F. and Jordan, P. W. and Dong, H.},
    number = {September},
    pages = {13--22},
    doi = {10.1007/978-1-4471-2867-0-2},
    keywords = {accessibility, bus travel, inclusive, psychosocial factors, public transport}
}

@phdthesis{OsbeckEmelieAkerman2010,
    title = {{Information Hold: Ways of preventing information overload in Scania vehicles in critical traffic situations}},
    year = {2010},
    author = {Osbeck, Emelie; {\AA}kerman, Nils},
    school = {KTH}
}

@misc{Cox2020,
    title = {{InsideAirBnB}},
    year = {2020},
    author = {Cox, Murray and Morris, John}
}

@article{WBCSD2016,
    title = {{Integrated sustainable mobility in cities - a practical guide}},
    year = {2016},
    author = {{WBCSD}},
    pages = {1--92},
    keywords = {industrial design, product service system, sustainable cities, sustainable mobility}
}

@misc{irap2021,
    title = {{International Road Assessment Project}},
    year = {2021},
    author = {{iRAP}},
    url = {https://www.irap.org}
}

@misc{OpenCV2020a,
    title = {{Introduction to SIFT (Scale-Invariant Feature Transform)}},
    year = {2020},
    author = {{OpenCV}},
    url = {https://docs.opencv.org/master/da/df5/tutorial_py_sift_intro.html}
}

@article{Clos2016,
    title = {{Introduction: Toward sustainable urban form}},
    year = {2016},
    journal = {Natural Resources Forum},
    author = {Clos, Joan},
    number = {4},
    pages = {141--142},
    volume = {40},
    doi = {10.1111/1477-8947.12106},
    issn = {14778947}
}

@article{Zeuwts2016,
    title = {{Is gaze behaviour in a laboratory context similar to that in real-life? A study in bicyclists}},
    year = {2016},
    journal = {Transportation Research Part F: Traffic Psychology and Behaviour},
    author = {Zeuwts, Linus and Vansteenkiste, Pieter and Deconinck, Frederik and van Maarseveen, Mariette and Savelsbergh, Geert and Cardon, Greet and Lenoir, Matthieu},
    pages = {131--140},
    volume = {43},
    publisher = {Elsevier Ltd},
    url = {http://dx.doi.org/10.1016/j.trf.2016.10.010},
    doi = {10.1016/j.trf.2016.10.010},
    issn = {13698478},
    keywords = {Bicyclist, Laboratory, Real-life, Traffic, Visual search}
}

@article{Nello-Deakin2019,
    title = {{Is there such a thing as a ‘fair’ distribution of road space?}},
    year = {2019},
    journal = {Journal of Urban Design},
    author = {Nello-Deakin, Samuel},
    number = {5},
    pages = {698--714},
    volume = {24},
    publisher = {Routledge},
    url = {https://doi.org/10.1080/13574809.2019.1592664},
    doi = {10.1080/13574809.2019.1592664},
    issn = {14699664}
}

@article{Litman2006,
    title = {{Issues in sustainable transportation}},
    year = {2006},
    journal = {International Journal of Global Environmental Issues},
    author = {Litman, Todd and Burwell, David},
    number = {4},
    pages = {331--347},
    volume = {6},
    doi = {10.1504/IJGENVI.2006.010889},
    issn = {14666650},
    keywords = {Automobile dependency, Comprehensive planning, Equity, Paradigm shift, Smart growth, Sustainable transportation, Transport economics, Transport market reform, Transport planning}
}

@misc{CROW2014,
    title = {{Klantenwenspiramide: het instrument om klantgericht te werken}},
    year = {2014},
    author = {{CROW}},
    url = {https://www.crow.nl/mobiliteit-en-gedrag/weblog/december-2014-(1)/de-klantwenspiramide;-het-instrument-om-klantgeric}
}

@article{Fei-Fei2006,
    title = {{Knowledge transfer in learning to recognize visual objects classes}},
    year = {2006},
    journal = {Proceedings of the Fifth International Conference {\ldots}},
    author = {Fei-Fei, L},
    url = {http://www-cs.stanford.edu/groups/vision/documents/Fei-Fei_ICDL2006.pdf}
}

@misc{AmazonWebServices2014,
    title = {{Lambda Release Note}},
    year = {2014},
    author = {{Amazon Web Services}},
    url = {https://aws.amazon.com/releasenotes/release-aws-lambda-on-2014-11-13/}
}

@article{Stevenson2016,
    title = {{Land use, transport, and population health: estimating the health benefits of compact cities}},
    year = {2016},
    journal = {The Lancet},
    author = {Stevenson, Mark and Thompson, Jason and de S{\'{a}}, Thiago Hérick and Ewing, Reid and Mohan, Dinesh and McClure, Rod and Roberts, Ian and Tiwari, Geetam and Giles-Corti, Billie and Sun, Xiaoduan and Wallace, Mark and Woodcock, James},
    number = {10062},
    pages = {2925--2935},
    volume = {388},
    doi = {10.1016/S0140-6736(16)30067-8},
    issn = {1474547X}
}

@article{Wegener1999,
    title = {{Land-Use Transport Interaction: State of the Art Deliverable 2a of the project TRANSLAND (Integration of Transport and Land Use Planning) of the 4th RTD Framework Programme of the European Commission}},
    year = {1999},
    author = {Wegener, Michael and F{\"{u}}rst, Franz},
    url = {http://ssrn.com/abstract=1434678Tel.0231-7552291,Fax0231-7554788Electroniccopyavailableat:https://ssrn.com/abstract=1434678Electroniccopyavailableat:http://ssrn.com/abstract=1434678}
}

@misc{Taylor2020,
    title = {{Large areas of London to be made car-free as lockdown eased}},
    year = {2020},
    booktitle = {The Guardian},
    author = {Taylor, Matthew},
    month = {5},
    url = {https://www.theguardian.com/uk-news/2020/may/15/large-areas-of-london-to-be-made-car-free-as-lockdown-eased},
    address = {London}
}

@misc{AllianceofBritishDrivers2020,
    title = {{LONDON ROAD CLOSURES}},
    year = {2020},
    author = {{Alliance of British Drivers}},
    url = {https://www.freedomfordrivers.org/london-road-closures.htm}
}

@article{Tenkanen2020a,
    title = {{Longitudinal spatial dataset on travel times and distances by different travel modes in Helsinki Region}},
    year = {2020},
    journal = {Scientific Data},
    author = {Tenkanen, Henrikki and Toivonen, Tuuli},
    number = {1},
    pages = {1--15},
    volume = {7},
    publisher = {Springer US},
    url = {http://dx.doi.org/10.1038/s41597-020-0413-y},
    doi = {10.1038/s41597-020-0413-y},
    issn = {20524463},
    pmid = {32132539}
}

@misc{WandsworthCouncil2020,
    title = {{Low Traffic Neighbourhood trials suspended}},
    year = {2020},
    booktitle = {Wandsworth.gov.uk},
    author = {{Wandsworth Council}},
    url = {https://www.wandsworth.gov.uk/news/september-2020/low-traffic-neighbourhood-trials-suspended/}
}

@misc{Braithwaite-Smith2020,
    title = {{Low Traffic Neighbourhoods: what are they and why are they so controversial?}},
    year = {2020},
    booktitle = {MotoringResearch.cc},
    author = {Braithwaite-Smith, Gavin},
    url = {https://www.motoringresearch.com/advice/low-traffic-neighbourhood-explained/}
}

@misc{Jessop2020,
    title = {{Low-traffic neighbourhood vandalism continues in Canonbury}},
    year = {2020},
    booktitle = {IslingtonNow},
    author = {Jessop, Vicky},
    month = {11},
    url = {http://islingtonnow.co.uk/low-traffic-neighbourhood-vandalism/},
    address = {London}
}

@misc{Anoosh2020,
    title = {{Low-traffic neighbourhoods: How the culture wars came to a street near you}},
    year = {2020},
    booktitle = {The New Statesman},
    author = {Anoosh, Chakelian;},
    month = {11},
    url = {https://www.newstatesman.com/politics/uk/2020/11/low-traffic-neighbourhoods-LTNs-London-car-street-cycling-walking-culture-war-pollution-gentrification},
    address = {London}
}

@inproceedings{Rosten2006,
    title = {{Machine learning for high-speed corner detection}},
    year = {2006},
    booktitle = {Lecture Notes in Computer Science (including subseries Lecture Notes in Artificial Intelligence and Lecture Notes in Bioinformatics)},
    author = {Rosten, Edward and Drummond, Tom},
    pages = {430--443},
    volume = {3951 LNCS},
    isbn = {3540338322},
    doi = {10.1007/11744023{\_}34},
    issn = {16113349}
}

@article{Stapel2020,
    title = {{Measuring Driver Perception: Combining Eye-Tracking and Automated Road Scene Perception}},
    year = {2020},
    journal = {Human Factors},
    author = {Stapel, Jork and El Hassnaoui, Mounir and Happee, Riender},
    doi = {10.1177/0018720820959958},
    issn = {15478181},
    keywords = {ADAS, SAGAT, automated driving, driver support, gaze, situation awareness}
}

@article{Vansteenkiste2015,
    title = {{Measuring dwell time percentage from head-mounted eye-tracking data – comparison of a frame-by-frame and a fixation-by-fixation analysis}},
    year = {2015},
    journal = {Ergonomics},
    author = {Vansteenkiste, Pieter and Cardon, Greet and Philippaerts, Renaat and Lenoir, Matthieu},
    number = {5},
    pages = {712--721},
    volume = {58},
    publisher = {Taylor {\&} Francis},
    url = {https://doi.org/10.1080/00140139.2014.990524},
    doi = {10.1080/00140139.2014.990524},
    issn = {13665847},
    pmid = {25529829},
    keywords = {dwell time, eye-tracking methodology, frame-by-frame analysis, gaze behaviour, head-mounted eye tracking}
}

@article{Thibodeau2011,
    title = {{Metaphors we think with: The role of metaphor in reasoning}},
    year = {2011},
    journal = {PLoS ONE},
    author = {Thibodeau, Paul H. and Boroditsky, Lera},
    number = {2},
    volume = {6},
    doi = {10.1371/journal.pone.0016782},
    issn = {19326203},
    pmid = {21373643}
}

@misc{Laker2020,
    title = {{Milan announces ambitious scheme to reduce car use after lockdown}},
    year = {2020},
    booktitle = {The Guardian},
    author = {Laker, Laura},
    pages = {1--5},
    url = {https://www.theguardian.com/world/2020/apr/21/milan-seeks-to-prevent-post-crisis-return-of-traffic-pollution}
}

@misc{Huseyin2019,
    title = {{Mini-Holland is making streets people-friendly, says Clyde Loakes}},
    year = {2019},
    booktitle = {TransportXtra.com},
    author = {Huseyin, Deniz},
    url = {https://www.transportxtra.com/publications/local-transport-today/news/61522/mini-holland-is-making-streets-people-friendly-says-clyde-loakes/}
}

@article{Ma2018,
    title = {{Mobile laser scanned point-clouds for road object detection and extraction: A review}},
    year = {2018},
    journal = {Remote Sensing},
    author = {Ma, Lingfei and Li, Ying and Li, Jonathan and Wang, Cheng and Wang, Ruisheng and Chapman, Michael A.},
    number = {10},
    pages = {1--33},
    volume = {10},
    doi = {10.3390/rs10101531},
    issn = {20724292},
    keywords = {Deep learning, Driving line, Mobile laser scanning (MLS), Point cloud, Power line, Road crack, Road marking, Road surface, Street light, Traffic sign, Tree}
}

@article{Elzen1996,
    title = {{Mobiliteit met toekomst}},
    year = {1996},
    journal = {Ministerie van Verkeer en Waterstaat},
    author = {Elzen, Boelie and Hoogma, Remco and Schot, Johan},
    pages = {1--200}
}

@article{Vedagiri2009,
    title = {{Modelling modal shift due to the enhanced level of bus service}},
    year = {2009},
    journal = {Transport},
    author = {Vedagiri, Perumal and Arasan, Venkatachalam Thamizh},
    number = {2},
    pages = {121--128},
    volume = {24},
    doi = {10.3846/1648-4142.2009.24.121-128},
    issn = {16483480},
    keywords = {Auto-rickshaw, Binary logit model, Exclusive bus lane, Heterogeneous traffic flow, Modal shift, Mode-choice probability curve, Stated preference approach}
}

@article{Jappinen2013,
    title = {{Modelling the potential effect of shared bicycles on public transport travel times in Greater Helsinki: An open data approach}},
    year = {2013},
    journal = {Applied Geography},
    author = {J{\"{a}}ppinen, Sakari and Toivonen, Tuuli and Salonen, Maria},
    pages = {13--24},
    volume = {43},
    publisher = {Elsevier Ltd},
    url = {http://dx.doi.org/10.1016/j.apgeog.2013.05.010},
    doi = {10.1016/j.apgeog.2013.05.010},
    issn = {01436228},
    keywords = {Accessibility, Bicycle sharing system, Cycling, Daily mobility, Open data, Public transport}
}

@article{Salonen2013,
    title = {{Modelling travel time in urban networks: Comparable measures for private car and public transport}},
    year = {2013},
    journal = {Journal of Transport Geography},
    author = {Salonen, Maria and Toivonen, Tuuli},
    pages = {143--153},
    volume = {31},
    publisher = {Elsevier Ltd},
    url = {http://dx.doi.org/10.1016/j.jtrangeo.2013.06.011},
    doi = {10.1016/j.jtrangeo.2013.06.011},
    issn = {09666923},
    keywords = {Accessibility, Car, Door-to-door approach, Public transport, Travel mode, Travel time}
}

@article{He2020,
    title = {{Momentum Contrast for Unsupervised Visual Representation Learning}},
    year = {2020},
    journal = {Proceedings of the IEEE Computer Society Conference on Computer Vision and Pattern Recognition},
    author = {He, Kaiming and Fan, Haoqi and Wu, Yuxin and Xie, Saining and Girshick, Ross},
    pages = {9726--9735},
    doi = {10.1109/CVPR42600.2020.00975},
    issn = {10636919},
    arxivId = {1911.05722}
}

@misc{Thompson2020,
    title = {{More cycleways , streets to shut , footpaths widened under NSW ' s COVID-19 plan}},
    year = {2020},
    booktitle = {The Sydney Morning Herald},
    author = {Thompson, Angus},
    pages = {1--4},
    url = {https://www.smh.com.au/national/nsw/more-cycleways-streets-to-shut-footpaths-widened-under-nsw-s-covid-19-plan-20200507-p54qwc.html}
}

@article{Przybylski2013,
    title = {{Motivational, emotional, and behavioral correlates of fear of missing out}},
    year = {2013},
    journal = {Computers in Human Behavior},
    author = {Przybylski, Andrew K. and Murayama, Kou and Dehaan, Cody R. and Gladwell, Valerie},
    number = {4},
    pages = {1841--1848},
    volume = {29},
    publisher = {Elsevier Ltd},
    url = {http://dx.doi.org/10.1016/j.chb.2013.02.014},
    doi = {10.1016/j.chb.2013.02.014},
    issn = {07475632},
    keywords = {Fear of missing out, FoMO, Human motivation, Individual differences, Scale development, Social networking}
}

@article{Aldred2019a,
    title = {{Motor traffic on urban minor and major roads: Impacts on pedestrian and cyclist injuries}},
    year = {2019},
    journal = {Proceedings of the Institution of Civil Engineers: Municipal Engineer},
    author = {Aldred, Rachel},
    number = {1},
    pages = {3--9},
    volume = {172},
    doi = {10.1680/jmuen.16.00068},
    issn = {17517699},
    keywords = {0, 0 license, 4, by, cc-by 4, creativecommons, engineering, highways, http, licenses, org, published with permission by, roads, the ice under the, traffic, transport management}
}

@misc{NDW2021,
    title = {{Nationaal Dataportaal Wegverkeer}},
    year = {2021},
    author = {{NDW}},
    url = {https://ndw.nu/samenwerken/open-data}
}

@misc{NGINX.Inc.2016,
    title = {{NGINX Announces Results of 2016 Future of Application Development and Delivery Survey}},
    year = {2016},
    author = {{NGINX. Inc.}},
    url = {https://www.nginx.com/press/nginx-announces-results-of-2016-future-of-application-development-and-delivery-survey/}
}

@article{1384,
    title = {{No Titleمتداولترین گیاهان سنتی ایران}},
    year = {1384},
    author = {غلامرضا, امین},
    pages = {300},
    isbn = {964-7445-88-1}
}

@misc{EnvironmentalSystemsResearchInstitute2016,
    title = {{Null Values in shapefiles}},
    year = {2016},
    author = {{Environmental Systems Research Institute}},
    url = {https://support.esri.com/en/technical-article/000004419}
}

@article{Deng2017,
    title = {{Object detection on panoramic images based on deep learning}},
    year = {2017},
    journal = {2017 3rd International Conference on Control, Automation and Robotics, ICCAR 2017},
    author = {Deng, Fucheng and Zhu, Xiaorui and Ren, Jiamin},
    pages = {375--380},
    publisher = {IEEE},
    isbn = {9781509060870},
    doi = {10.1109/ICCAR.2017.7942721},
    keywords = {Deep learning, Object detection, Panoramic image, R-CNN}
}

@inproceedings{Lowe1999,
    title = {{Object recognition from local scale-invariant features}},
    year = {1999},
    booktitle = {Proceedings of the IEEE International Conference on Computer Vision},
    author = {Lowe, David G.},
    pages = {1150--1157},
    volume = {2},
    doi = {10.1109/iccv.1999.790410}
}

@misc{MacMichael2020,
    title = {{Oil poured on roads and vandalism as protests against low-traffic neighbourhoods turn nasty}},
    year = {2020},
    booktitle = {Road.cc},
    author = {MacMichael, Simon},
    url = {https://road.cc/content/news/vandalism-oil-spread-road-anti-ltn-protests-turn-nasty-276865}
}

@misc{VanderAa2020,
    title = {{Onderzoek kabinet: Rekeningrijden betekent korter en minder in de file}},
    year = {2020},
    booktitle = {Algemeen Dagblad},
    author = {van der Aa, Edwin},
    month = {10},
    url = {https://www.ad.nl/politiek/onderzoek-kabinet-rekeningrijden-betekent-korter-en-minder-in-de-file~a71be952/}
}

@misc{WikipediaOneShotLearning2021,
    title = {{One-Shot Learning}},
    year = {2021},
    author = {{Wikipedia}},
    url = {https://en.wikipedia.org/wiki/One-shot_learning}
}

@article{Wan2013,
    title = {{One-shot learning gesture recognition from RGB-D data using bag of features}},
    year = {2013},
    journal = {Journal of Machine Learning Research},
    author = {Wan, Jun and Ruan, Qiuqi and Li, Wei and Deng, Shuang},
    pages = {2549--2582},
    volume = {14},
    doi = {10.1007/978-3-319-57021-1{\_}11},
    issn = {15324435},
    keywords = {3D enhanced motion scale invariant feature transfo, Bag of features (BoF) model, Gesture recognition, One-shot learning, Simulation Orthogonal Matching Pursuit (SOMP)}
}

@misc{Hickman2020,
    title = {{Open Streets Initiative will aid cities in optimizing coronavirus street closures}},
    year = {2020},
    booktitle = {Archpaper.com},
    author = {Hickman, Matt},
    pages = {1--6},
    url = {https://archpaper.com/2020/04/open-streets-initiative-cities-coronavirus-street-closures/}
}

@misc{ORS2020,
    title = {{OpenRouteService API documentation (Core 6.1.0)}},
    year = {2020},
    author = {{OpenRouteService}},
    url = {https://openrouteservice.org/dev/#/api-docs https://openrouteservice.org}
}

@article{Mouter2019,
    title = {{Participatory Value Evaluation: A Novel Method to Evaluate Future Urban Mobility Investments}},
    year = {2019},
    journal = {SSRN Electronic Journal},
    author = {Mouter, Niek and Koster, Paul and Dekker, Thijs},
    doi = {10.2139/ssrn.3415411},
    issn = {1556-5068}
}

@article{Daley2011,
    title = {{Perspectives and images of cycling as a barrier or facilitator of cycling}},
    year = {2011},
    journal = {Transport Policy},
    author = {Daley, Michelle and Rissel, Chris},
    number = {1},
    pages = {211--216},
    volume = {18},
    publisher = {Elsevier},
    url = {http://dx.doi.org/10.1016/j.tranpol.2010.08.004},
    doi = {10.1016/j.tranpol.2010.08.004},
    issn = {0967070X},
    keywords = {Cycling, Physical activity, Qualitative research}
}

@misc{UKGovernment2020a,
    title = {{Petition: Remove guidance and funding for temporary traffic measures that cause congestion}},
    year = {2020},
    booktitle = {Petitions UK Parliament},
    author = {{UK Government}},
    url = {https://petition.parliament.uk/petitions/552306}
}

@article{Mitcham2004,
    title = {{Philosophy of Information}},
    year = {2004},
    journal = {Philosophy of Information},
    author = {Mitcham, Carl},
    isbn = {9780444517265},
    doi = {10.1016/C2009-0-16481-4}
}

@book{Bertolini2017,
    title = {{Planning the Mobile Metropolis}},
    year = {2017},
    booktitle = {Planning the Mobile Metropolis},
    author = {Bertolini, Luca},
    isbn = {ISBN 978-0-230-30877-0 paperback},
    doi = {10.1057/978-1-137-31925-8}
}

@article{Garcia-Albea2012,
    title = {{Psicosis inducidas por estados excepcionales de conciencia}},
    year = {2012},
    journal = {Actas Espa{\~{n}}olas de Psiquiatr{\'{i}}a},
    author = {Garc{\'{i}}a-Albea, Julia and Gonz{\'{a}}lez-Vives, Sara and Tejeira, Claire and Castro, Élida and L{\'{o}}pez-Ibor, Juan José},
    number = {sup. 2},
    pages = {80--95},
    volume = {40},
    url = {https://www.actaspsiquiatria.es/repositorio/suplements/14/ESP/14-ESP-645690.pdf}
}

@article{Fitch2020,
    title = {{Psychological stress of bicycling with traffic: examining heart rate variability of bicyclists in natural urban environments}},
    year = {2020},
    journal = {Transportation Research Part F: Traffic Psychology and Behaviour},
    author = {Fitch, Dillon T. and Sharpnack, James and Handy, Susan L.},
    pages = {81--97},
    volume = {70},
    publisher = {Elsevier Ltd},
    url = {https://doi.org/10.1016/j.trf.2020.02.015},
    doi = {10.1016/j.trf.2020.02.015},
    issn = {13698478},
    keywords = {Bicycling, Heart rate variability, Stress, Travel behavior}
}

@techreport{Wegverkeer2020,
    title = {{Publieke Verkeers- en Transportdata}},
    year = {2020},
    author = {{Nationaal Dataportaal Wegverkeer}},
    number = {september}
}

@article{Mayring2000b,
    title = {{Qualitative Content Analysis}},
    year = {2000},
    journal = {Forum: Qualitative Social Research},
    author = {Mayring, Philipp},
    number = {2},
    pages = {20},
    volume = {1},
    doi = {http://nbn-resolving.de/urn:nbn:de:0114-fqs0002204. Revised},
    keywords = {category, content analysis, induction, intercoder- reliability, qualitative content analysis}
}

@article{Pangbourne2020,
    title = {{Questioning mobility as a service: Unanticipated implications for society and governance}},
    year = {2020},
    journal = {Transportation Research Part A: Policy and Practice},
    author = {Pangbourne, Kate and Mladenovi{\'{c}}, Miloš N. and Stead, Dominic and Milakis, Dimitris},
    number = {September 2019},
    pages = {35--49},
    volume = {131},
    publisher = {Elsevier},
    url = {https://doi.org/10.1016/j.tra.2019.09.033},
    doi = {10.1016/j.tra.2019.09.033},
    issn = {09658564},
    keywords = {Equity, Governance, Mobility as a service, Smart mobility, Technological transition}
}

@techreport{UKGovernment2020,
    title = {{Reallocating road space in response to COVID-19: statutory guidance for local authorities}},
    year = {2020},
    author = {{UK Government}},
    url = {https://www.gov.uk/government/publications/reallocating-road-space-in-response-to-covid-19-statutory-guidance-for-local-authorities},
    address = {London}
}

@article{Fraboni2018,
    title = {{Red-light running behavior of cyclists in Italy: An observational study}},
    year = {2018},
    journal = {Accident Analysis and Prevention},
    author = {Fraboni, F. and Mar{\'{i}}n Puchades, V. and De Angelis, M. and Pietrantoni, L. and Prati, G.},
    number = {August},
    pages = {219--232},
    volume = {120},
    publisher = {Elsevier},
    url = {https://doi.org/10.1016/j.aap.2018.08.013},
    doi = {10.1016/j.aap.2018.08.013},
    issn = {00014575},
    keywords = {Classification tree, Cycling behavior, Cycling safety, Observational study, Red-light violation}
}

@article{Zahavi1980,
    title = {{Regularities in Travel Time and Money Expenditures.}},
    year = {1980},
    journal = {Transportation Research Record},
    author = {Zahavi, Yacov and Talvitie, Antti},
    number = {750},
    pages = {13--19},
    issn = {03611981}
}

@article{Chaudhary2017,
    title = {{Research Advances in Cloud Computing}},
    year = {2017},
    journal = {Research Advances in Cloud Computing},
    author = {Chaudhary, Sanjay and Somani, Gaurav and Buyya, Rajkumar},
    pages = {1--465},
    isbn = {9789811050268},
    doi = {10.1007/978-981-10-5026-8}
}

@techreport{UnitedNations2018a,
    title = {{Resolution 72/272 adopted by the General Assembly}},
    year = {2018},
    author = {{United Nations}},
    number = {April},
    pages = {71--73},
    volume = {18-05867},
    url = {https://undocs.org/Home/Mobile?FinalSymbol=A%2FRES%2F72%2F272&Language=E&DeviceType=Desktop}
}

@misc{TeBrommelstroet2020_L1,
    title = {{RUTP Lecture 1 on Problem Identification}},
    year = {2020},
    author = {Te Br{\"{o}}mmelstroet, Marco; and Bertolini, Luca},
    publisher = {University of Amsterdam}
}

@misc{TeBrommelstroet2020_L2,
    title = {{RUTP Lecture 2 on System Analysis}},
    year = {2020},
    author = {Te Br{\"{o}}mmelstroet, Marco and Bertolini, Luca},
    publisher = {University of Amsterdam}
}

@misc{TeBrommelstroet2020_L3,
    title = {{RUTP Lecture 3 on Strategy Development}},
    year = {2020},
    author = {Te Br{\"{o}}mmelstroet, Marco and Bertolini, Luca},
    publisher = {University of Amsterdam}
}

@misc{TeBrommelstroet2020_L4,
    title = {{RUTP Lecture 4 on Strategy Assessment}},
    year = {2020},
    author = {Te Br{\"{o}}mmelstroet, Marco and Bertolini, Luca},
    publisher = {University of Amsterdam}
}

@article{Gruden2021,
    title = {{Safety analysis of young pedestrian behavior at signalized intersections: An eye-tracking study}},
    year = {2021},
    journal = {Sustainability (Switzerland)},
    author = {Gruden, Chiara and Otkovi{\'{c}}, Irena Ištoka and {\v{S}}raml, Matjaž},
    number = {8},
    pages = {1--16},
    volume = {13},
    doi = {10.3390/su13084419},
    issn = {20711050},
    keywords = {Distraction, Eye-tracking, Glance behavior, Pedestrian behavior, Reaction time, Signalized crossings}
}

@misc{Schwung2021,
    title = {{SchwungApp}},
    year = {2021},
    author = {{Schwung}},
    url = {https://schwung.nu}
}

@article{Laurier2005,
    title = {{Searching for a Parking Space}},
    year = {2005},
    journal = {Intellectica. Revue de l'Association pour la Recherche Cognitive},
    author = {Laurier, Eric},
    number = {2},
    pages = {101--115},
    volume = {41},
    doi = {10.3406/intel.2005.1723},
    issn = {0769-4113},
    keywords = {car, challenging and frus-, conversation analysis, d eciding, driving, ethnomethodology, for a parking space, if you drive a, inner city is a, it, merely driving in the, on the busy city, parking, perceiving or searching, s a classic problem, space, streets, the search}
}

@article{Berger2018,
    title = {{Sensing comfort in bicycling in addition to travel data}},
    year = {2018},
    journal = {Transportation Research Procedia},
    author = {Berger, Martin and D{\"{o}}rrzapf, Linda},
    pages = {524--534},
    volume = {32},
    publisher = {Elsevier B.V.},
    url = {https://doi.org/10.1016/j.trpro.2018.10.034},
    doi = {10.1016/j.trpro.2018.10.034},
    issn = {23521465},
    keywords = {bikeability, bio-physiological data, comfort, sensing}
}

@article{Lloyd2018,
    title = {{Serverless computing: An investigation of factors influencing microservice performance}},
    year = {2018},
    journal = {Proceedings - 2018 IEEE International Conference on Cloud Engineering, IC2E 2018},
    author = {Lloyd, Wes and Ramesh, Shruti and Chinthalapati, Swetha and Ly, Lan and Pallickara, Shrideep},
    pages = {159--169},
    isbn = {9781538650080},
    doi = {10.1109/IC2E.2018.00039},
    keywords = {Function-as-a-service, Provisioning variation, Resource management and performance, Serverless computing}
}

@article{Adzic2017,
    title = {{Serverless computing: economic and architectural impact}},
    year = {2017},
    author = {Adzic, Gojko and Chatley, Robert},
    pages = {884--889},
    isbn = {9781450351058},
    doi = {10.1145/3106237.3117767},
    keywords = {2017, acm reference format, chatley, cloud computing, economic, economics, gojko adzic and robert, serverless, serverless computing}
}

@article{Hellerstein2019,
    title = {{Serverless computing: One step forward, two steps back}},
    year = {2019},
    journal = {CIDR 2019 - 9th Biennial Conference on Innovative Data Systems Research},
    author = {Hellerstein, Joseph M. and Faleiro, Jose and Gonzalez, Joseph E. and Schleier-Smith, Johann and Sreekanti, Vikram and Tumanov, Alexey and Wu, Chenggang},
    volume = {3},
    arxivId = {1812.03651}
}

@article{Roy2019,
    title = {{Siamese networks: The tale of two manifolds}},
    year = {2019},
    journal = {Proceedings of the IEEE International Conference on Computer Vision},
    author = {Roy, Soumava and Harandi, Mehrtash and Nock, Richard and Hartley, Richard},
    pages = {3046--3055},
    volume = {2019-Octob},
    isbn = {9781728148038},
    doi = {10.1109/ICCV.2019.00314},
    issn = {15505499}
}

@article{Koch2015,
    title = {{Siamese Thesis}},
    year = {2015},
    journal = {Cs.Toronto.Edu},
    author = {Koch, Gregory},
    volume = {2},
    url = {http://www.cs.toronto.edu/~gkoch/files/msc-thesis.pdf}
}

@article{Li2019,
    title = {{SiamVGG: Visual Tracking using Deeper Siamese Networks}},
    year = {2019},
    author = {Li, Yuhong and Zhang, Xiaofan},
    pages = {1--17},
    url = {http://arxiv.org/abs/1902.02804},
    arxivId = {1902.02804},
    keywords = {siamese network, similarity-learning, visual tracking}
}

@article{Paper2015,
    title = {{Signal Phase and Time ( SPAT ) and Map Data ( MAP )}},
    year = {2015},
    author = {Paper, White and Group, Amsterdam},
    pages = {1--19}
}

@article{Bromley1993,
    title = {{Signature verification using a "Siamese" Time-delay Neural Network}},
    year = {1993},
    journal = {International Journal of Pattern Recognition and Artificial Intelligence},
    author = {Bromley, Jane and Bentz, James W. and Bottou, Léon and Guyon, Isabelle and Lecun, Yann and Moore, Cliff and S{\"{A}}CKINGER, EDUARD and SHAH, ROOPAK},
    number = {04},
    pages = {669--688},
    volume = {07},
    doi = {10.1142/s0218001493000339},
    issn = {0218-0014},
    pmid = {2261928}
}

@article{Dey2017,
    title = {{SigNet: Convolutional siamese network for writer independent offline signature verification}},
    year = {2017},
    journal = {arXiv},
    author = {Dey, Sounak and Dutta, Anjan and Ignacio Toledo, J. and Ghosh, Suman K. and Llad{\'{o}}s, Josep and Pal, Umapada},
    number = {1},
    pages = {1--7},
    issn = {23318422},
    arxivId = {1707.02131}
}

@article{Tikhonova2018,
    title = {{Social Exclusion in Russia}},
    year = {2018},
    journal = {Poverty and Social Exclusion in the New Russia},
    author = {Tikhonova, Nataliya},
    number = {June},
    pages = {109--146},
    doi = {10.4324/9781315246291-5}
}

@article{Gudmundsson2013,
    title = {{Some use - Little influence? on the roles of indicators in European sustainable transport policy}},
    year = {2013},
    journal = {Ecological Indicators},
    author = {Gudmundsson, Henrik and S{\o}rensen, Claus Hedegaard},
    pages = {43--51},
    volume = {35},
    publisher = {Elsevier Ltd},
    url = {http://dx.doi.org/10.1016/j.ecolind.2012.08.015},
    doi = {10.1016/j.ecolind.2012.08.015},
    issn = {1470160X},
    keywords = {Indicators, Influence, Policy, Sustainable transport, Use}
}

@misc{UnitedNations2019,
    title = {{Special edition: progress towards the Sustainable Development Goals}},
    year = {2019},
    booktitle = {Report of the Secretary-General},
    author = {{United Nations}},
    url = {https://sustainabledevelopment.un.org/sdg11}
}

@techreport{BAMInfraBV2021,
    title = {{Start Pilot inventarisatie verkeersveiligheid fietspaden}},
    year = {2021},
    author = {{BAM Infra BV}},
    url = {https://www.bam.com/nl/pers/persberichten/2021/2/start-pilot-inventarisatie-verkeersveiligheid-fietspaden},
    address = {'s-Hertogenbosch}
}

@article{Rijksoverheid2019,
    title = {{Strategisch Actieplan voor Artifici{\"{e}}le Intelligentie}},
    year = {2019},
    author = {{Rijksoverheid}},
    pages = {64},
    url = {https://www.rijksoverheid.nl/documenten/beleidsnotas/2019/10/08/strategisch-actieplan-voor-artificiele-intelligentie}
}

@techreport{TfL2020,
    title = {{Streetspace for London: The Strategic Neighbourhood Analysis (Appendix 6B)}},
    year = {2020},
    author = {{TfL}},
    number = {June},
    pages = {1--19},
    institution = {Transport for London}
}

@article{Schepers2013,
    title = {{Studying the role of vision in cycling: Critique on restricting research to fixation behaviour}},
    year = {2013},
    journal = {Accident Analysis and Prevention},
    author = {Schepers, J. P. and Den Brinker, B. P.L.M. and De Waard, D. and Twisk, D. A.M. and Schwab, A. L. and Smeets, J. B.J.},
    pages = {466--468},
    volume = {59},
    publisher = {Elsevier Ltd},
    url = {http://dx.doi.org/10.1016/j.aap.2013.06.027},
    doi = {10.1016/j.aap.2013.06.027},
    issn = {00014575},
    pmid = {23911618},
    keywords = {Bicycling, Cycling safety, Fixation behaviour, Single-bicycle crashes, Two-level model}
}

@article{Buzasi2015,
    title = {{Sustainability indicators in assessing urban transport systems}},
    year = {2015},
    journal = {Periodica Polytechnica Transportation Engineering},
    author = {Buz{\'{a}}si, Attila and Csete, Mária},
    number = {3},
    pages = {138--145},
    volume = {43},
    doi = {10.3311/PPtr.7825},
    issn = {15873811},
    keywords = {Indicator, Sustainability, Urban transport}
}

@book{Baker2016,
    title = {{Sustainable Development}},
    year = {2016},
    booktitle = {Annals of the Association of Economic Geographers},
    author = {Baker, Susan},
    isbn = {9780415522915},
    doi = {10.20592/jaeg.45.2{\_}167{\_}2},
    issn = {0004-5683}
}

@article{Berger2014,
    title = {{Sustainable Mobility—Challenges for a Complex Transition}},
    year = {2014},
    journal = {Journal of Environmental Policy and Planning},
    author = {Berger, Gerald and Feindt, Peter H. and Holden, Erling and Rubik, Frieder},
    number = {3},
    pages = {303--320},
    volume = {16},
    url = {http://dx.doi.org/10.1080/1523908X.2014.954077},
    doi = {10.1080/1523908X.2014.954077},
    issn = {15227200}
}

@misc{UnitedNations2016,
    title = {{Sustainable transport}},
    year = {2016},
    author = {{United Nations}},
    url = {https://sustainabledevelopment.un.org/topics/sustainabletransport}
}

@article{Richardson2005,
    title = {{Sustainable transport: Analysis frameworks}},
    year = {2005},
    journal = {Journal of Transport Geography},
    author = {Richardson, Barbara C.},
    number = {1 SPEC. ISS.},
    pages = {29--39},
    volume = {13},
    doi = {10.1016/j.jtrangeo.2004.11.005},
    issn = {09666923},
    keywords = {Analysis frameworks, Freight, Passenger, Policy, Sustainable transportation}
}

@article{Rajak2016,
    title = {{Sustainable transportation systems performance evaluation using fuzzy logic}},
    year = {2016},
    journal = {Ecological Indicators},
    author = {Rajak, Sonu and Parthiban, P. and Dhanalakshmi, R.},
    pages = {503--513},
    volume = {71},
    publisher = {Elsevier Ltd},
    url = {http://dx.doi.org/10.1016/j.ecolind.2016.07.031},
    doi = {10.1016/j.ecolind.2016.07.031},
    issn = {1470160X},
    keywords = {Decision making, Fuzzy logic, Linguistic variables, Performance evaluation, Sustainability, Transport sustainability}
}

@misc{Verkeersnet2015,
    title = {{Test Groene Golf voor Individuele Fietser}},
    year = {2015},
    author = {{Verkeersnet}},
    url = {https://www.verkeersnet.nl/smart-mobility/15854/test-groene-golf-voor-individuele-fietser/}
}

@article{Hendriksen2010,
    title = {{The association between commuter cycling and sickness absence}},
    year = {2010},
    journal = {Preventive Medicine},
    author = {Hendriksen, Ingrid J.M. and Simons, Monique and Garre, Francisca Galindo and Hildebrandt, Vincent H.},
    number = {2},
    pages = {132--135},
    volume = {51},
    publisher = {Elsevier Inc.},
    url = {http://dx.doi.org/10.1016/j.ypmed.2010.05.007},
    doi = {10.1016/j.ypmed.2010.05.007},
    issn = {00917435},
    pmid = {20580736},
    keywords = {Absenteeism, Active transport, Cycling, Dose-response relationship, Physical activity}
}

@article{Schepers2017,
    title = {{The Dutch road to a high level of cycling safety}},
    year = {2017},
    journal = {Safety Science},
    author = {Schepers, P. and Twisk, D. and Fishman, E. and Fyhri, A. and Jensen, A.},
    pages = {264--273},
    volume = {92},
    publisher = {Elsevier Ltd},
    url = {http://dx.doi.org/10.1016/j.ssci.2015.06.005},
    doi = {10.1016/j.ssci.2015.06.005},
    issn = {18791042},
    keywords = {Bicycle, Conceptual model, Cycling safety, Infrastructure, Road hierarchy, Road safety, Safety in numbers}
}

@misc{Siksna1997,
    title = {{The effects of block size and form in North American and Australian city centres}},
    year = {1997},
    booktitle = {Urban Morphology},
    author = {Siksna, Amis},
    number = {1},
    pages = {19--33},
    volume = {1},
    issn = {10274278},
    keywords = {Australia, City centres, North America, Street blocks}
}

@article{St-Louis2014,
    title = {{The happy commuter: A comparison of commuter satisfaction across modes}},
    year = {2014},
    journal = {Transportation Research Part F: Traffic Psychology and Behaviour},
    author = {St-Louis, Evelyne and Manaugh, Kevin and Van Lierop, Dea and El-Geneidy, Ahmed},
    number = {PART A},
    pages = {160--170},
    volume = {26},
    publisher = {Elsevier Ltd},
    url = {http://dx.doi.org/10.1016/j.trf.2014.07.004},
    doi = {10.1016/j.trf.2014.07.004},
    issn = {13698478},
    keywords = {Behaviour, Commuter satisfaction, Mode comparison, Personal preferences, Social factors, Travel survey}
}

@techreport{Cookson2017,
    title = {{The Impact of Parking Pain in the US, UK and Germany}},
    year = {2017},
    author = {Cookson, Graham and Pishue, Bob},
    number = {July},
    url = {https://inrix.com/press-releases/parking-pain-us/},
    institution = {INRIX RESEARCH}
}

@article{VanderWaerden2015a,
    title = {{The influence of personal and trip characteristics on habitual parking behavior}},
    year = {2015},
    journal = {Case Studies on Transport Policy},
    author = {van der Waerden, Peter and Timmermans, Harry and da Silva, Antônio Nélson Rodrigues},
    number = {1},
    pages = {33--36},
    volume = {3},
    doi = {10.1016/j.cstp.2014.04.001},
    issn = {22136258},
    keywords = {Behavior, Habitual, Parking}
}

@article{Fulton1996,
    title = {{The New Urbanism: Hope Or Hype for American Communities?}},
    year = {1996},
    author = {Fulton, William B.},
    pages = {32},
    volume = {1996},
    url = {http://books.google.com/books?id=LbJPAAAAMAAJ&pgis=1},
    issn = {0194-4363},
    pmid = {1981}
}

@article{Wolf2009,
    title = {{The one-shot similarity kernel}},
    year = {2009},
    journal = {Proceedings of the IEEE International Conference on Computer Vision},
    author = {Wolf, Lior and Hassner, Tal and Taigman, Yaniv},
    pages = {897--902},
    isbn = {9781424444205},
    doi = {10.1109/ICCV.2009.5459323}
}

@article{TeBrommelstroet2011,
    title = {{The role of transport-related models in urban planning practice}},
    year = {2011},
    journal = {Transport Reviews},
    author = {Te Br{\"{o}}mmelstroet, Marco and Bertolini, Luca},
    number = {2},
    pages = {139--143},
    volume = {31},
    doi = {10.1080/01441647.2010.541295},
    issn = {01441647}
}

@article{Creswell2018,
    title = {{The Selection of a Research Approach The Three Approaches to Research}},
    year = {2018},
    author = {Creswell, John. W. and Creswell, J. David},
    pages = {40--55}
}

@article{Banister2008,
    title = {{The sustainable mobility paradigm}},
    year = {2008},
    journal = {Transport Policy},
    author = {Banister, David},
    number = {2},
    pages = {73--80},
    volume = {15},
    publisher = {Elsevier},
    url = {http://dx.doi.org/10.1016/j.tranpol.2007.10.005},
    doi = {10.1016/j.tranpol.2007.10.005},
    issn = {0967070X},
    keywords = {Acceptability, Behaviour, Engagement, Participation}
}

@article{Vansteenkiste2013,
    title = {{The visual control of bicycle steering: The effects of speed and path width}},
    year = {2013},
    journal = {Accident Analysis and Prevention},
    author = {Vansteenkiste, Pieter and Cardon, Greet and D'Hondt, Eva and Philippaerts, Renaat and Lenoir, Matthieu},
    pages = {222--227},
    volume = {51},
    publisher = {Elsevier Ltd},
    url = {http://dx.doi.org/10.1016/j.aap.2012.11.025},
    doi = {10.1016/j.aap.2012.11.025},
    issn = {00014575},
    pmid = {23274280},
    keywords = {Cycling, Gaze constraints, Lane keeping, OptoKinetic Nystagmus, Travel fixation, Two-level model}
}

@article{Newman2016,
    title = {{Theory of urban fabrics: Planning the walking, transit/public transport and automobile/motor car cities for reduced car dependency}},
    year = {2016},
    journal = {Town Planning Review},
    author = {Newman, Peter and Kosonen, Leo and Kenworthy, Jeff},
    number = {4},
    pages = {429--458},
    volume = {87},
    doi = {10.3828/tpr.2016.28},
    issn = {1478341X},
    keywords = {Automobile/motor car city, Strategic planning transport, Transit/public transport city, Urban fabrics, Walking city}
}

@article{Newman2016a,
    title = {{Theory of urban fabrics: Planning the walking, transit/public transport and automobile/motor car cities for reduced car dependency}},
    year = {2016},
    journal = {Town Planning Review},
    author = {Newman, Peter and Kosonen, Leo and Kenworthy, Jeff},
    number = {4},
    pages = {429--458},
    volume = {87},
    doi = {10.3828/tpr.2016.28},
    issn = {1478341X},
    keywords = {Automobile/motor car city, Strategic planning transport, Transit/public transport city, Urban fabrics, Walking city}
}

@article{Newman2016b,
    title = {{Theory of urban fabrics: Planning the walking, transit/public transport and automobile/motor car cities for reduced car dependency}},
    year = {2016},
    journal = {Town Planning Review},
    author = {Newman, Peter and Kosonen, Leo and Kenworthy, Jeff},
    number = {4},
    pages = {429--458},
    volume = {87},
    doi = {10.3828/tpr.2016.28},
    issn = {1478341X},
    keywords = {Automobile/motor car city, Strategic planning transport, Transit/public transport city, Urban fabrics, Walking city}
}

@book{Meadows2009,
    title = {{Thinking in Systems}},
    year = {2009},
    author = {Meadows, Donella H.},
    pages = {235},
    isbn = {9781844077267}
}

@article{Bruun1995,
    title = {{Time-area concept: Development, meaning, and applications}},
    year = {1995},
    journal = {Transportation Research Record},
    author = {Bruun, Eric C. and Vuchic, Vukan R.},
    number = {1499},
    pages = {95--104},
    issn = {03611981}
}

@article{Zito2011,
    title = {{Toward an urban transport sustainability index: An European comparison}},
    year = {2011},
    journal = {European Transport Research Review},
    author = {Zito, Pietro and Salvo, Giuseppe},
    number = {4},
    pages = {179--195},
    volume = {3},
    doi = {10.1007/s12544-011-0059-0},
    issn = {18670717},
    keywords = {Transport performance indicators, Transport sustainability index, Urban sustainable mobility}
}

@article{Tilahun2007,
    title = {{Trails, lanes, or traffic: Valuing bicycle facilities with an adaptive stated preference survey}},
    year = {2007},
    journal = {Transportation Research Part A: Policy and Practice},
    author = {Tilahun, Nebiyou Y. and Levinson, David M. and Krizek, Kevin J.},
    number = {4},
    pages = {287--301},
    volume = {41},
    doi = {10.1016/j.tra.2006.09.007},
    issn = {09658564},
    keywords = {Adaptive stated preference, Bicycling, Bike-lane, Stated preference, Trail}
}

@article{Switzer2019,
    title = {{Transitioning the transport and land-use system}},
    year = {2019},
    author = {Switzer, Andrew}
}

@article{Ellison2011,
    title = {{Travel time competitiveness of cycling in Sydney, Australia}},
    year = {2011},
    journal = {Transportation Research Record},
    author = {Ellison, Richard B. and Greaves, Stephen},
    number = {2247},
    pages = {99--108},
    doi = {10.3141/2247-12},
    issn = {03611981}
}

@article{Hildermeier2014,
    title = {{Two ways of defining sustainable mobility: Autolib’ and BeMobility}},
    year = {2014},
    journal = {Journal of Environmental Policy and Planning},
    author = {Hildermeier, Julia and Villareal, Axel},
    number = {3},
    pages = {321--336},
    volume = {16},
    publisher = {Taylor {\&} Francis},
    url = {http://dx.doi.org/10.1080/1523908X.2014.880336},
    doi = {10.1080/1523908X.2014.880336},
    issn = {15227200},
    keywords = {Autolib', BeMobility, Sustainable mobility, electric car, intermodality, new transport system, shared mobility}
}

@article{Wan2018,
    title = {{Two-dimensional hidden semantic information model for target saliency detection and eyetracking identification}},
    year = {2018},
    journal = {Journal of Electronic Imaging},
    author = {Wan, Weibing and Yuan, Lingfeng and Zhao, Qunfei and Fang, Tao},
    number = {01},
    pages = {1},
    volume = {27},
    doi = {10.1117/1.jei.27.1.013006},
    issn = {1017-9909},
    keywords = {1, 13, 2017, 2018, 22, accepted for publication dec, dictionary learning, eye movement, feature coding, hidden markov model, paper 170740 received sep, published online jan, saliency detection, semantic information}
}

@article{Macmillan2017,
    title = {{Understanding bicycling in cities using system dynamics modelling}},
    year = {2017},
    journal = {Journal of Transport and Health},
    author = {Macmillan, Alexandra and Woodcock, James},
    number = {August},
    pages = {269--279},
    volume = {7},
    publisher = {Elsevier Ltd},
    url = {http://dx.doi.org/10.1016/j.jth.2017.08.002},
    doi = {10.1016/j.jth.2017.08.002},
    issn = {22141405}
}

@article{Fishman2012,
    title = {{Understanding the fear of bicycle riding in Australia}},
    year = {2012},
    journal = {Journal of the Australasian College of Road Safety},
    author = {Fishman, E and Washington, S and Haworth, N},
    number = {3},
    pages = {19--27},
    volume = {23},
    issn = {1832-9497},
    keywords = {bicycle riding - fear - risk - safety - sustainabl}
}

@article{Kenis2016,
    title = {{Unravelling the (post-)political in transition management: Interrogating pathways towards sustainable change}},
    year = {2016},
    journal = {Journal of Environmental Policy and Planning},
    author = {Kenis, Anneleen and Bono, Federica and Mathijs, Erik},
    number = {5},
    pages = {568--584},
    volume = {18},
    publisher = {Taylor {\&} Francis},
    doi = {10.1080/1523908X.2016.1141672},
    issn = {15227200},
    keywords = {Deliberation, Democracy, Market, Post-politics, Sustainability, Transition management}
}

@article{Nieuwenhuijsen2020,
    title = {{Urban and transport planning pathways to carbon neutral, liveable and healthy cities; A review of the current evidence}},
    year = {2020},
    journal = {Environment International},
    author = {Nieuwenhuijsen, Mark J.},
    number = {April},
    pages = {105661},
    volume = {140},
    publisher = {Elsevier},
    url = {https://doi.org/10.1016/j.envint.2020.105661},
    doi = {10.1016/j.envint.2020.105661},
    issn = {18736750},
    pmid = {32307209},
    keywords = {Air pollution, Carbon neutral, Cities, Green space, Healthy, Liveability, Noise, Physical activity, Sustainability, Temperature, Transport planning, Urban planning}
}

@article{Verlaat2011,
    title = {{Urban area development}},
    year = {2011},
    journal = {Management of Urban Development Processes in the Netherlands},
    author = {Verlaat, Jan van 't and Wigmans, Gerard},
    pages = {77--93},
    isbn = {978-90-8594-029-6}
}

@article{Frank2008,
    title = {{Urban form, travel time, and cost relationships with tour complexity and mode choice}},
    year = {2008},
    journal = {Transportation},
    author = {Frank, Lawrence and Bradley, Mark and Kavage, Sarah and Chapman, James and Lawton, T. Keith},
    number = {1},
    pages = {37--54},
    volume = {35},
    isbn = {1111600791},
    doi = {10.1007/s11116-007-9136-6},
    issn = {15729435},
    keywords = {Mode choice, Travel time, Urban form}
}

@misc{GUST2015,
    title = {{Urban Living Labs}},
    year = {2015},
    booktitle = {Governance of Urban Sustainability Transitions},
    author = {McCormick, Kes},
    url = {https://www.youtube.com/watch?v=ITjSWVcWeiE}
}

@article{Brueckner2000,
    title = {{Urban sprawl: Diagnosis and remedies}},
    year = {2000},
    journal = {International Regional Science Review},
    author = {Brueckner, Jan K.},
    number = {2},
    pages = {160--171},
    volume = {23},
    doi = {10.1177/016001700761012710},
    issn = {01600176}
}

@article{Nevens2013,
    title = {{Urban Transition Labs: Co-creating transformative action for sustainable cities}},
    year = {2013},
    journal = {Journal of Cleaner Production},
    author = {Nevens, Frank and Frantzeskaki, Niki and Gorissen, Leen and Loorbach, Derk},
    pages = {111--122},
    volume = {50},
    publisher = {Elsevier Ltd},
    url = {http://dx.doi.org/10.1016/j.jclepro.2012.12.001},
    doi = {10.1016/j.jclepro.2012.12.001},
    issn = {09596526},
    keywords = {Sustainable development, Transdisciplinary research, Transition management, Urban transition labs, Urbanization}
}

@article{Vries2017,
    title = {{Using a wearable eye-tracking device on bicyclists to explore the possibity of measuring motorcyclist eye movements.}},
    year = {2017},
    author = {Vries, S de},
    pages = {1--37},
    url = {http://essay.utwente.nl/73485/}
}

@book{VanWee2014,
    title = {{Verkeer en Vervoer in Hoofdlijnen}},
    year = {2014},
    author = {van Wee, Bert and Annema, Jan Anne},
    pages = {312--216}
}

@article{Tight2011,
    title = {{Visions for a walking and cycling focussed urban transport system}},
    year = {2011},
    journal = {Journal of Transport Geography},
    author = {Tight, Miles and Timms, Paul and Banister, David and Bowmaker, Jemma and Copas, Jonathan and Day, Andy and Drinkwater, David and Givoni, Moshe and G{\"{u}}hnemann, Astrid and Lawler, Mary and Macmillen, James and Miles, Andrew and Moore, Niamh and Newton, Rita and Ngoduy, Dong and Ormerod, Marcus and O'Sullivan, Maria and Watling, David},
    number = {6},
    pages = {1580--1589},
    volume = {19},
    publisher = {Elsevier Ltd},
    url = {http://dx.doi.org/10.1016/j.jtrangeo.2011.03.011},
    doi = {10.1016/j.jtrangeo.2011.03.011},
    issn = {09666923},
    keywords = {Cycling, Futures, Sustainable, Transport, Visioning, Walking}
}

@article{Underwood2007,
    title = {{Visual attention and the transition from novice to advanced driver}},
    year = {2007},
    journal = {Ergonomics},
    author = {Underwood, G.},
    number = {8},
    pages = {1235--1249},
    volume = {50},
    doi = {10.1080/00140130701318707},
    issn = {00140139},
    pmid = {17558667},
    keywords = {Attention, Driver training, Driving, Hazard perception, Road traffic accidents, Situation awareness, Skill and experience}
}

@book{Crundall2011,
    title = {{Visual attention while driving: Measures of eye movements used in driving research}},
    year = {2011},
    booktitle = {Handbook of Traffic Psychology},
    author = {Crundall, David and Underwood, Geoffrey},
    pages = {137--148},
    publisher = {Elsevier},
    url = {http://dx.doi.org/10.1016/B978-0-12-381984-0.10011-6},
    isbn = {9780123819840},
    doi = {10.1016/B978-0-12-381984-0.10011-6}
}

@book{Crundall2011b,
    title = {{Visual attention while driving: Measures of eye movements used in driving research}},
    year = {2011},
    booktitle = {Handbook of Traffic Psychology},
    author = {Crundall, David and Underwood, Geoffrey},
    pages = {137--148},
    publisher = {Elsevier},
    url = {http://dx.doi.org/10.1016/B978-0-12-381984-0.10011-6},
    isbn = {9780123819840},
    doi = {10.1016/B978-0-12-381984-0.10011-6}
}

@book{Crundall2011a,
    title = {{Visual attention while driving: Measures of eye movements used in driving research}},
    year = {2011},
    booktitle = {Handbook of Traffic Psychology},
    author = {Crundall, David and Underwood, Geoffrey},
    pages = {137--148},
    publisher = {Elsevier},
    url = {http://dx.doi.org/10.1016/B978-0-12-381984-0.10011-6},
    isbn = {9780123819840},
    doi = {10.1016/B978-0-12-381984-0.10011-6}
}

@article{Rupi2019,
    title = {{Visual eye gaze while cycling: Analyzing eye tracking at signalized intersections in urban conditions}},
    year = {2019},
    journal = {Sustainability (Switzerland)},
    author = {Rupi, Federico and Krizek, Kevin J.},
    number = {21},
    volume = {11},
    doi = {10.3390/su11216089},
    issn = {20711050},
    keywords = {Bicyclist experience, Eye-tracking, Gaze-behavior, Safety, Signalized intersection, Sustainable mobility}
}

@article{Velichkovsky2003,
    title = {{Visual fixations as a rapid indicator of hazard perception}},
    year = {2003},
    journal = {Operator functional state : the assessment and prediction of human performance degradation in complex tasks},
    author = {Velichkovsky, Boris M and Rothert, Alexandra and Miniotas, Darius and Dornh{\"{o}}fer, Sascha M and Joos, Markus and Pannasch, Sebastian and Dresden, D-},
    pages = {313--321},
    url = {http://citeseerx.ist.psu.edu/viewdoc/download?doi=10.1.1.569.8939&rep=rep1&type=pdf},
    issn = {1566-7693}
}

@phdthesis{Oldenziel2020,
    title = {{Vliegensvlug op de fiets naar Schiphol Een onderzoek naar het effectief inzetten van maatregelen ter bevordering}},
    year = {2020},
    author = {Oldenziel, Ella},
    pages = {80},
    school = {NHL Stenden Hogeschool Leeuwarden}
}

@misc{Stephane2020,
    title = {{Voxelnet Implementation using Tensorflow}},
    year = {2020},
    author = {Stephane, David},
    url = {https://github.com/steph1793/Voxelnet}
}

@article{Zhou2018,
    title = {{VoxelNet: End-to-End Learning for Point Cloud Based 3D Object Detection}},
    year = {2018},
    journal = {Proceedings of the IEEE Computer Society Conference on Computer Vision and Pattern Recognition},
    author = {Zhou, Yin and Tuzel, Oncel},
    pages = {4490--4499},
    isbn = {9781538664209},
    doi = {10.1109/CVPR.2018.00472},
    issn = {10636919},
    arxivId = {1711.06396}
}

@book{Speck,
    title = {{Walkable City}},
    year = {316},
    author = {Speck, Jeff},
    pages = {400},
    isbn = {9780865477728}
}

@article{Bassett2008,
    title = {{Walking, cycling, and obesity rates in Europe, North America and Australia}},
    year = {2008},
    journal = {Journal of Physical Activity and Health},
    author = {Bassett, David R. and Pucher, John and Buehler, Ralph and Thompson, Dixie L. and Crouter, Scott E.},
    number = {6},
    pages = {795--814},
    volume = {5},
    doi = {10.1123/jpah.5.6.795},
    issn = {15435476},
    pmid = {19164816},
    keywords = {Active transportation, Bicycling, Commuting, Exercise, Obesity, Physical activity, Transportation, Travel, Walking}
}

@techreport{Dajnak,
    title = {{Waltham Forest study of life expectancy benefits of increased physical activity from walking and cycling}},
    year = {2016},
    author = {Dajnak, By David and Walton, Heather},
    pages = {1--31},
    institution = {Environmental Research Group Kings College London},
    address = {London}
}

@article{Werneke2012,
    title = {{What does the driver look at? the influence of intersection characteristics on attention allocation and driving behavior}},
    year = {2012},
    journal = {Accident Analysis and Prevention},
    author = {Werneke, Julia and Vollrath, Mark},
    pages = {610--619},
    volume = {45},
    publisher = {Elsevier Ltd},
    url = {http://dx.doi.org/10.1016/j.aap.2011.09.048},
    doi = {10.1016/j.aap.2011.09.048},
    issn = {00014575},
    pmid = {22269548},
    keywords = {Attention allocation strategies, Expectation, Gaze behavior, Intersection accidents, Perceptual error}
}

@article{Nordhoff2019b,
    title = {{What impressions do users have after a ride in an automated shuttle? An interview study}},
    year = {2019},
    journal = {Transportation Research Part F: Traffic Psychology and Behaviour},
    author = {Nordhoff, Sina and de Winter, Joost and Payre, William and van Arem, Bart and Happee, Riender},
    month = {5},
    pages = {252--269},
    volume = {63},
    publisher = {Elsevier Ltd},
    doi = {10.1016/j.trf.2019.04.009},
    issn = {13698478},
    keywords = {Acceptance, Automated public transport, Automated shuttles, Expectations, Interviews}
}

@article{Nss2012,
    title = {{What Kinds of Traffic Forecasts are Possible?}},
    year = {2012},
    journal = {Journal of Critical Realism},
    author = {N{\ae}ss, Petter and Strand, Arvid},
    number = {3},
    pages = {277--295},
    volume = {11},
    doi = {10.1558/jcr.v11i3.277},
    issn = {1476-7430}
}

@misc{MoovelLab2020,
    title = {{WhatTheStreet Online Platform}},
    year = {2020},
    author = {{MoovelLab}},
    url = {https://www.move-lab.com/project/whatthestreet/about}
}

@article{Widener2014,
    title = {{When are food deserts? Integrating time into research on food accessibility}},
    year = {2014},
    journal = {Health and Place},
    author = {Widener, Michael J. and Shannon, Jerry},
    pages = {1--3},
    volume = {30},
    publisher = {Elsevier},
    url = {http://dx.doi.org/10.1016/j.healthplace.2014.07.011},
    doi = {10.1016/j.healthplace.2014.07.011},
    issn = {18732054},
    keywords = {Food accessibility, Food deserts, Health geography, Space-time accessibility, Spatio-temporal analysis}
}

@article{Gossling2020,
    title = {{Why cities need to take road space from cars - and how this could be done}},
    year = {2020},
    journal = {Journal of Urban Design},
    author = {G{\"{o}}ssling, Stefan},
    number = {4},
    pages = {443--448},
    volume = {25},
    publisher = {Routledge},
    url = {https://doi.org/10.1080/13574809.2020.1727318},
    doi = {10.1080/13574809.2020.1727318},
    issn = {14699664}
}

@article{Beukers2012,
    title = {{Why Cost Benefit Analysis is perceived as a problematic tool for assessment of transport plans: A process perspective}},
    year = {2012},
    journal = {Transportation Research Part A: Policy and Practice},
    author = {Beukers, Els and Bertolini, Luca and Te Br{\"{o}}mmelstroet, Marco},
    number = {1},
    pages = {68--78},
    volume = {46},
    publisher = {Elsevier Ltd},
    url = {http://dx.doi.org/10.1016/j.tra.2011.09.004},
    doi = {10.1016/j.tra.2011.09.004},
    issn = {09658564},
    keywords = {Assessing integrated land use and transportation p, CBA process issues, Participant perceptions}
}

@article{Gossling2014,
    title = {{Why sustainable transport policies will fail: EU climate policy in the light of transport taboos}},
    year = {2014},
    journal = {Journal of Transport Geography},
    author = {G{\"{o}}ssling, Stefan and Cohen, Scott},
    number = {July 2014},
    pages = {197--207},
    volume = {39},
    doi = {10.1016/j.jtrangeo.2014.07.010},
    issn = {09666923},
    keywords = {Automobility, Aviation, Climate change, European Union, Passenger transport, Policy}
}

@article{Goodwin2012,
    title = {{Why We Should Reject 'Nudge'}},
    year = {2012},
    journal = {Politics},
    author = {Goodwin, Tom},
    number = {2},
    pages = {85--92},
    volume = {32},
    doi = {10.1111/j.1467-9256.2012.01430.x},
    issn = {02633957}
}

@misc{Laker2020a,
    title = {{World cities turn their streets over to walkers and cyclists}},
    year = {2020},
    booktitle = {The Guardian},
    author = {Laker, Laura},
    pages = {7--11},
    url = {https://www.theguardian.com/world/2020/apr/11/world-cities-turn-their-streets-over-to-walkers-and-cyclists}
}

@techreport{InternationalEnergyAgency2019,
    title = {{World energy balances: An Overview}},
    year = {2019},
    author = {{International Energy Agency}}
}

@article{Tatem2017,
    title = {{WorldPop, open data for spatial demography}},
    year = {2017},
    journal = {Scientific Data},
    author = {Tatem, Andrew J.},
    pages = {2--5},
    volume = {4},
    doi = {10.1038/sdata.2017.4},
    issn = {20524463}
}

@article{Strategy2002,
    title = {{WUDQVSRUW LQGLFDWRU Critical assessment of the modal split as an indicator for the EU Sustainability Strategy}},
    year = {2002},
    author = {Strategy, Sustainability},
    number = {September}
}

@misc{Government2020,
    title = {{{\pounds}2 billion package to create new era for cycling and walking}},
    year = {2020},
    booktitle = {GOV.UK},
    author = {{UK Government}},
    month = {5},
    url = {https://www.gov.uk/government/news/2-billion-package-to-create-new-era-for-cycling-and-walking},
    address = {London}
}

@article{Kebowski2018,
    title = {{“All transport problems are essentially mathematical”: The uneven resonance of academic transport and mobility knowledge in Brussels}},
    year = {2018},
    journal = {Urban Geography},
    author = {K{\c{e}}b{\l}owski, Wojciech and Bassens, David},
    number = {3},
    pages = {413--437},
    volume = {39},
    publisher = {Routledge},
    url = {https://doi.org/10.1080/02723638.2017.1336320},
    doi = {10.1080/02723638.2017.1336320},
    issn = {02723638},
    keywords = {Transport policy, circuits of knowledge, critical urban theory, sociology of knowledge, sustainable transport, urban political economy}
}

@misc{873413.pdf,
    title = {{873413.pdf}}
}

@article{2015A2015,
    title = {{A B I G D ATA V I E W O F O N - S T R E E T PA R K I N G tom de ruijter Nijmegen, June 2015}},
    year = {2015},
    number = {June}
}

@article{Seto2011AExpansion,
    title = {{A meta-analysis of global urban land expansion}},
    year = {2011},
    journal = {PLoS ONE},
    author = {Seto, Karen C. and Fragkias, Michail and G{\"{u}}neralp, Burak and Reilly, Michael K.},
    number = {8},
    volume = {6},
    doi = {10.1371/journal.pone.0023777},
    issn = {19326203}
}

@article{Geisler2012AnStreams,
    title = {{An evaluation framework for traffic information systems based on data streams}},
    year = {2012},
    journal = {Transportation Research Part C: Emerging Technologies},
    author = {Geisler, Sandra and Quix, Christoph and Schiffer, Stefan and Jarke, Matthias},
    doi = {10.1016/j.trc.2011.08.003},
    issn = {0968090X},
    keywords = {Car-to-X communication, Data stream mining, Data streams}
}

@article{2021Beheerplan2020-2021,
    title = {{Beheerplan 2020-2021}},
    year = {2021}
}

@article{Miranda2012BenchmarkingBrazil,
    title = {{Benchmarking sustainable urban mobility: The case of Curitiba, Brazil}},
    year = {2012},
    journal = {Transport Policy},
    author = {Miranda, Hellem de Freitas and Rodrigues da Silva, Antônio Nélson},
    month = {5},
    pages = {141--151},
    volume = {21},
    publisher = {Pergamon},
    url = {https://www.sciencedirect.com/science/article/pii/S0967070X12000558?via%3Dihub},
    doi = {10.1016/J.TRANPOL.2012.03.009},
    issn = {0967-070X}
}

@phdthesis{Dekker2018CapaciteitsmanagementZiekenhuizen,
    title = {{Capaciteitsmanagement in Nederlandse ziekenhuizen}},
    year = {2018},
    author = {Dekker, NLS den},
    school = {University of Amsterdam},
    keywords = {capaciteitsmanagement, centralisatie, informatievoorziening, standaardisatie}
}

@misc{Chalice,
    title = {{Chalice}},
    url = {https://github.com/aws/chalice}
}

@article{Musso1988CharacteristicsEvaluation,
    title = {{Characteristics of metro networks and methodology for their evaluation}},
    year = {1988},
    journal = {Transportation Research Record},
    author = {Musso, Antonio and Vuchic, Vukan R.},
    number = {1162},
    pages = {22--33},
    issn = {03611981}
}

@misc{Caballero2020COVID-19Way,
    title = {{COVID-19 made cities more bike-friendly – here’s how to keep them that way}},
    year = {2020},
    booktitle = {World Economic Forum},
    author = {Caballero, Sandra and Rapin, Phillippe},
    month = {6},
    url = {https://www.weforum.org/agenda/2020/06/covid-19-made-cities-more-bike-friendly-here-s-how-to-keep-them-that-way/}
}

@article{Szell2018CrowdsourcedInequality,
    title = {{Crowdsourced quantification and visualization of urban mobility space inequality}},
    year = {2018},
    journal = {Urban Planning},
    author = {Szell, Michael},
    number = {1},
    pages = {1--20},
    volume = {3},
    doi = {10.17645/up.v3i1.1209},
    issn = {21837635},
    keywords = {Big data, Bin packing, Crowdsourcing, Data visualization, Mobility, OpenStreetMap, Sustainable transport, Transport justice, Urban space inventory, Volunteered geographical information}
}

@article{LangenDevelopingTransport,
    title = {{Developing a Back-up System for GPS Failure in Public Transport}},
    author = {Langen, Jordi},
    number = {6131646}
}

@article{Nkurunziza2012ExaminingDar-es-salaam,
    title = {{Examining the potential for modal change: Motivators and barriers for bicycle commuting in Dar-es-salaam}},
    year = {2012},
    journal = {Transport Policy},
    author = {Nkurunziza, Alphonse and Zuidgeest, Mark and Brussel, Mark and Van Maarseveen, Martin},
    pages = {249--259},
    volume = {24},
    publisher = {Elsevier},
    url = {http://dx.doi.org/10.1016/j.tranpol.2012.09.002},
    doi = {10.1016/j.tranpol.2012.09.002},
    issn = {0967070X},
    keywords = {Barriers, Bicycle commuting, Dar-es-Salaam, Motivators, Stages of change}
}

@article{2021GeactualiseerdeDatastrategie,
    title = {{Geactualiseerde datastrategie}},
    year = {2021}
}

@misc{Perez2017GoogleDestination,
    title = {{Google Maps will now tell you how bad the parking is at your destination}},
    year = {2017},
    booktitle = {Techcrunch},
    author = {Perez, Sarah},
    month = {1},
    url = {https://techcrunch.com/2017/01/26/google-maps-will-now-tell-you-how-bad-the-parking-is-at-your-destination/}
}

@article{Verslaglegging2019HANDLEIDING,
    title = {{H ANDLEIDING}},
    year = {2019},
    author = {Verslaglegging, Handleiding Wetenschappelijke and Basisvaardigheden, Academische and Intelligentie, Kunstmatige}
}

@article{Informatiekunde2019InzetNederland,
    title = {{Inzet van drones in de last mile in Nederland}},
    year = {2019},
    author = {Informatiekunde, Bachelor and Smit, Sterre}
}

@article{Graham-Rowe2012MainstreamEvaluations,
    title = {{Mainstream consumers driving plug-in battery-electric and plug-in hybrid electric cars: A qualitative analysis of responses and evaluations}},
    year = {2012},
    journal = {Transportation Research Part A: Policy and Practice},
    author = {Graham-Rowe, Ella and Gardner, Benjamin and Abraham, Charles and Skippon, Stephen and Dittmar, Helga and Hutchins, Rebecca and Stannard, Jenny},
    number = {1},
    month = {1},
    pages = {140--153},
    volume = {46},
    publisher = {Pergamon},
    url = {https://www.sciencedirect.com/science/article/pii/S0965856411001418?casa_token=-FchFlFY4lAAAAAA:G1omlCws4zs8e2zvb9u2CKlufMi7Y-Ng1DehtqsB2GWqxc4hfbYPpSilsVT0FMF1unH5wJlt},
    doi = {10.1016/J.TRA.2011.09.008},
    issn = {0965-8564}
}

@article{Pucher2008MakingGermany,
    title = {{Making cycling irresistible: Lessons from the Netherlands, Denmark and Germany}},
    year = {2008},
    journal = {Transport Reviews},
    author = {Pucher, John and Buehler, Ralph},
    number = {4},
    month = {7},
    pages = {495--528},
    volume = {28},
    doi = {10.1080/01441640701806612},
    issn = {01441647}
}

@article{Felix2019MaturingPortugal,
    title = {{Maturing urban cycling: Comparing barriers and motivators to bicycle of cyclists and non-cyclists in Lisbon, Portugal}},
    year = {2019},
    journal = {Journal of Transport and Health},
    author = {F{\'{e}}lix, Rosa and Moura, Filipe and Clifton, Kelly J.},
    volume = {15},
    doi = {10.1016/j.jth.2019.100628},
    issn = {22141405}
}

@article{Klinger2016MovingResidents,
    title = {{Moving between mobility cultures: what affects the travel behavior of new residents?}},
    year = {2016},
    journal = {Transportation},
    author = {Klinger, Thomas and Lanzendorf, Martin},
    number = {2},
    pages = {243--271},
    volume = {43},
    publisher = {Springer US},
    doi = {10.1007/s11116-014-9574-x},
    issn = {15729435},
    keywords = {Attitude, Built environment, Mobility culture, Mode choice, Regression model, Residential relocation}
}

@article{Reader2019NeoliberalAmsterdam,
    title = {{Neoliberal accessibility : building metros under fiscal constraint A comparative case study of Crossrail in London and the Noord-Zuidlijn in Amsterdam}},
    year = {2019},
    author = {Reader, First and Savini, Federico}
}

@article{Planologie2019Puzzelen.,
    title = {{Puzzelen in de Laatste Mijl : Een onderzoek naar hoe voor- en transport wordt gefaciliteerd bij Station Noord van de Noord / Zuidlijn .}},
    year = {2019},
    author = {Planologie, Bachelor}
}

@article{Buehler2017ReducingSwitzerland,
    title = {{Reducing car dependence in the heart of Europe: lessons from Germany, Austria, and Switzerland}},
    year = {2017},
    journal = {Transport Reviews},
    author = {Buehler, Ralph and Pucher, John and Gerike, Regine and G{\"{o}}tschi, Thomas},
    number = {1},
    volume = {37},
    doi = {10.1080/01441647.2016.1177799},
    issn = {14645327}
}

@article{Zaharia2012ResilientComputing,
    title = {{Resilient distributed datasets: A fault-tolerant abstraction for in-memory cluster computing}},
    year = {2012},
    journal = {Proceedings of NSDI 2012: 9th USENIX Symposium on Networked Systems Design and Implementation},
    author = {Zaharia, Matei and Chowdhury, Mosharaf and Das, Tathagata and Dave, Ankur and Ma, Justin and McCauley, Murphy and Franklin, Michael J. and Shenker, Scott and Stoica, Ion},
    pages = {15--28}
}

@book{Bliek2007ReweavingFabrics:,
    title = {{Reweaving Urban Fabrics:}},
    year = {2007},
    author = {Bliek, Desmond Andrew},
    isbn = {9780494424797}
}

@article{Chataway2014SafetyCopenhagen,
    title = {{Safety perceptions and reported behavior related to cycling in mixed traffic: A comparison between Brisbane and Copenhagen}},
    year = {2014},
    journal = {Transportation Research Part F: Traffic Psychology and Behaviour},
    author = {Chataway, Elijah Steven and Kaplan, Sigal and Nielsen, Thomas Alexander Sick and Prato, Carlo Giacomo},
    pages = {32--43},
    volume = {23},
    publisher = {Elsevier Ltd},
    url = {http://dx.doi.org/10.1016/j.trf.2013.12.021},
    doi = {10.1016/j.trf.2013.12.021},
    issn = {13698478},
    keywords = {Bicycle, Cycling, Emerging cycling cities, Fear of traffic, Mixed traffic, Structural equation models}
}

@article{Rajak2016SustainableLogic,
    title = {{Sustainable transportation systems performance evaluation using fuzzy logic}},
    year = {2016},
    journal = {Ecological Indicators},
    author = {Rajak, Sonu and Parthiban, P. and Dhanalakshmi, R.},
    month = {12},
    pages = {503--513},
    volume = {71},
    publisher = {Elsevier},
    url = {https://www.sciencedirect.com/science/article/pii/S1470160X1630423X?via%3Dihub},
    doi = {10.1016/J.ECOLIND.2016.07.031},
    issn = {1470-160X}
}

@article{TalkingTraffic,
    title = {{Talking Traffic}},
    url = {https://www.talking-traffic.com/en/}
}

@article{Apparicio2017TheIssues,
    title = {{The approaches to measuring the potential spatial access to urban health services revisited: Distance types and aggregation-error issues}},
    year = {2017},
    journal = {International Journal of Health Geographics},
    author = {Apparicio, Philippe and Gelb, Jérémy and Dub{\'{e}}, Anne Sophie and Kingham, Simon and Gauvin, Lise and Robitaille, Éric},
    number = {1},
    pages = {1--24},
    volume = {16},
    publisher = {BioMed Central},
    doi = {10.1186/s12942-017-0105-9},
    issn = {1476072X},
    pmid = {28830461},
    keywords = {Accessibility of health services, Cartesian distance, GIS, Network distances, Sensitivity analysis, Uncertainty analysis}
}

@article{Cordts2016TheUnderstanding,
    title = {{The Cityscapes Dataset for Semantic Urban Scene Understanding}},
    year = {2016},
    journal = {Proceedings of the IEEE Computer Society Conference on Computer Vision and Pattern Recognition},
    author = {Cordts, Marius and Omran, Mohamed and Ramos, Sebastian and Rehfeld, Timo and Enzweiler, Markus and Benenson, Rodrigo and Franke, Uwe and Roth, Stefan and Schiele, Bernt},
    pages = {3213--3223},
    volume = {2016-Decem},
    isbn = {9781467388504},
    doi = {10.1109/CVPR.2016.350},
    issn = {10636919},
    arxivId = {1604.01685}
}

@article{Avila-Palencia2018TheStudy,
    title = {{The effects of transport mode use on self-perceived health, mental health, and social contact measures: A cross-sectional and longitudinal study}},
    year = {2018},
    journal = {Environment International},
    author = {Avila-Palencia, Ione and Int Panis, Luc and Dons, Evi and Gaupp-Berghausen, Mailin and Raser, Elisabeth and G{\"{o}}tschi, Thomas and Gerike, Regine and Brand, Christian and de Nazelle, Audrey and Orjuela, Juan Pablo and Anaya-Boig, Esther and Stigell, Erik and Kahlmeier, Sonja and Iacorossi, Francesco and Nieuwenhuijsen, Mark J.},
    month = {11},
    pages = {199--206},
    volume = {120},
    publisher = {Pergamon},
    url = {https://www.sciencedirect.com/science/article/pii/S016041201831314X},
    doi = {10.1016/J.ENVINT.2018.08.002},
    issn = {0160-4120}
}

@article{Phelps2012TheCity,
    title = {{The Growth Machine Stops? Urban Politics and the Making and Remaking of an Edge City}},
    year = {2012},
    journal = {Urban Affairs Review},
    author = {Phelps, Nicholas A.},
    number = {5},
    pages = {670--700},
    volume = {48},
    doi = {10.1177/1078087412440275},
    issn = {10780874},
    keywords = {growth machine, postsuburbia, settlement evolution, suburbia, urban regimes}
}

@article{Ajzen1991TheBehavior,
    title = {{The theory of planned behavior}},
    year = {1991},
    journal = {Organizational Behavior and Human Decision Processes},
    author = {Ajzen, Icek},
    number = {2},
    pages = {179--211},
    volume = {50},
    doi = {10.1016/0749-5978(91)90020-T},
    issn = {07495978}
}

@article{Aanpak2017ToekomstbestendigSpoor,
    title = {{Toekomstbestendig werken aan het spoor}},
    year = {2017},
    author = {Aanpak, Samenvatting Plan Van},
    number = {December},
    pages = {1--5},
    isbn = {4888415331}
}

@misc{GhentCityCouncil2020TrafficGhent,
    title = {{Traffic Circulation Plan Ghent}},
    year = {2020},
    author = {{Ghent City Council}},
    url = {https://stad.gent/en/mobility-ghent/circulation-plan}
}

@article{TrainingsprogrammaTheorie,
    title = {{Trainingsprogramma LAPL ( S ) / SPL Praktijk {\&} theorie}},
    pages = {1--41}
}

@book{Curtis2009TransitHappen,
    title = {{Transit oriented development: Making it Happen}},
    year = {2009},
    booktitle = {Transit Oriented Development: Making it Happen},
    author = {Curtis, Carey and Renne, John L. and Bertolini, Luca},
    pages = {1--291},
    isbn = {9780754673156}
}

@article{Cervero1997TravelDesign,
    title = {{Travel demand and the 3Ds: Density, diversity, and design}},
    year = {1997},
    journal = {Transportation Research Part D: Transport and Environment},
    author = {Cervero, Robert and Kockelman, Kara},
    number = {3},
    pages = {199--219},
    volume = {2},
    publisher = {Elsevier Ltd},
    doi = {10.1016/S1361-9209(97)00009-6},
    issn = {13619209}
}

@article{Wu2014UsingOverview,
    title = {{Using high-resolution event-based data for traffic modeling and control: An overview}},
    year = {2014},
    journal = {Transportation Research Part C: Emerging Technologies},
    author = {Wu, Xinkai and Liu, Henry X.},
    doi = {10.1016/j.trc.2014.02.001},
    issn = {0968090X},
    keywords = {Event-based data, High-resolution data, Traffic control, Traffic modeling, Traffic signal systems}
}

@article{Noord-holland2021Voorspellende,
    title = {{voorspellende data ”}},
    year = {2021},
    author = {Noord-holland, Provincie and Groot, Tijmen and Boer, Bertjan De},
    pages = {1--13}
}

@article{Mackett2003WhyTrips,
    title = {{Why do people use their cars for short trips?}},
    year = {2003},
    journal = {Transportation},
    author = {Mackett, Roger L.},
    number = {3},
    month = {8},
    pages = {329--349},
    volume = {30},
    doi = {10.1023/A:1023987812020},
    issn = {00494488},
    keywords = {Car use, Mode choice, Short trips, Travel reduction, Trip purpose}
}

@article{Underwood2014WhyBehaviors,
    title = {{Why do teens abandon bicycling? A retrospective look at attitudes and behaviors}},
    year = {2014},
    journal = {Journal of Transport and Health},
    author = {Underwood, Sarah K. and Handy, Susan L. and Paterniti, Debora A. and Lee, Amy E.},
    number = {1},
    pages = {17--24},
    volume = {1},
    publisher = {Elsevier Ltd},
    doi = {10.1016/j.jth.2013.12.002},
    issn = {22141405},
    keywords = {Adolescent, Attitudes, Bicycling, Cycling, Qualitative, Stigma, Teen}
}

@article{Gifford2008World2007.,
    title = {{World Conference on Transportation Research (WCTR), Berkeley, CA, June 24-28, 2007.}},
    year = {2008},
    author = {Gifford, Jonathan and Checherita, Cristina and Gifford, Jonathan},
    number = {July}
}

@misc{Zappa,
    title = {{Zappa}}
}